2704 3906
1171 270 1417 311 -3—

317 400 432 447 Quae
470 412 562 438 cum
601 399 658 438 ita
694 398 794 449 sint,
836 411 918 438 non
958 402 1042 436 tam
1073 395 1222 436 mirum
1253 398 1326 446 est,
1358 407 1483 448 quam
1514 395 1684 448 Berylu'o
1711 396 1887 450 videtur,
1917 398 2029 453 quod
2059 400 2274 452 Emperius
2306 398 2447 441 ποδα-

146 465 271 508 ποίδε
311 479 383 520 pro
421 460 537 505 πόδα
576 460 695 503 ἰόνὸε
729 463 959 517 suspicatus
989 466 1070 513 est3
1110 472 1359 514 quamquam
1390 473 1443 500 ne
1473 459 1550 501 hoc
1580 461 1748 515 quidem
1778 463 1964 504 sufficere
1994 464 2169 506 videtur.
2243 464 2335 519 Ego
2366 479 2446 507 ex-

144 535 277 575 istimo
316 529 575 572 scribendum
612 542 719 570 esse:
759 525 868 571 πότε
902 526 1037 567 τῶνδε
1068 520 1311 580 προφαίνῃ,
1355 524 1381 565 i.
1411 537 1445 566 e.
1477 525 1561 566 noli
1590 530 1632 567 te
1662 531 1873 581 praestare
1902 541 2015 581 011111,
2060 530 2131 584 qui
2161 530 2233 571 ulli
2263 544 2447 585 unquam

144 599 288 639 horum
333 596 483 636 civium
522 595 644 635 fidem
684 594 848 645 habeas,
887 593 973 633 sive
1003 603 1103 632 cave
1141 589 1333 644 cuiquam
1372 589 1520 631 horum
1557 590 1709 632 civium
1748 606 1932 647 unquam
1962 594 2085 636 fidem
2114 595 2279 638 habeas,
2339 595 2446 637 Con·

142 662 309 703 structio
340 660 454 701 verbi
486 656 721 713 φαίνεσθαι
756 672 848 699 011111
878 655 1095 712 participio
1126 658 1224 695 nota
1255 658 1327 695 est.
1358 677 1411 684 —

310 733 465 774 Versus
493 732 663 774 287—8>
694 732 931 787 saepissime
957 743 982 770 a
1003 729 1103 769 viris
1132 728 1263 769 doctis
1283 728 1433 770 tentati
1454 734 1562 771 sunt.
1610 730 1665 771 Et
1685 731 1727 772 in
1748 731 1904 786 optimo
1924 732 2030 774 libro
2051 733 2090 775 A
2111 734 2168 775 sic
2189 734 2445 776 scribuntur:

706 804 749 846 ἐν
776 801 857 859 γάρ
887 818 956 844 τοι
988 798 1116 843 πόλει
1148 793 1234 843 ὧδε
1264 797 1505 858 κακοψόγῳ
1536 799 1710 846 ἁνδάνει
1741 800 1878 846 οὐδέν.

843 865 1188 918 ὡςδετοσωσαιεὶ
1217 866 1373 909 πολλοὶ
1404 862 1701 925 ἂνολβότεροι,

139 944 209 986 sed
239 957 313 999 pro
343 940 583 998 κακοψόμιι
613 942 654 983 K
674 942 799 983 habet
829 938 1068 997 κακούργω,
1101 953 1209 996 quae
1237 945 1310 982 aut
1339 942 1536 984 correctio
1566 947 1640 984 aut
1667 944 1950 998 imprudentia
1970 946 2127 987 librarii
2149 960 2237 988 esse
2258 947 2442 1001 videtur3

137 1009 322 1050 similiter
350 1009 508 1049 litteras
537 1012 756 1062 sequentes
786 1004 1149 1054 ὡσδετοσωσαιεὶ,
1182 1019 1289 1062 quae
1318 1007 1504 1062 intellegi
1530 1014 1756 1065 nequeunt,
1785 1011 1910 1052 ceteri
1942 1011 2037 1052 libri
2065 1011 2109 1053 in
2129 1012 2275 1054 verba:
2306 1008 2365 1062 ὡς
2395 1011 2442 1054 δὲ

136 1072 185 1116 τὰ
217 1074 357 1115 σῶσαι
387 1070 449 1120 oi,
486 1073 700 1113 Palatinus
735 1077 874 1113 autem
911 1073 956 1114 in
993 1069 1103 1114 ω’στε
1138 1063 1188 1113 τό
1227 1071 1314 1113 κτλ.
1345 1072 1578 1127 corrigunt,
1617 1087 1724 1151 qua'e
1758 1076 1888 1131 ipsius
1927 1077 2048 1118 metri
2081 1090 2205 1118 causa
2232 1076 2330 1118 ferri
2359 1091 2444 1119 11011

136 1143 326 1195 possunt3
359 1152 432 1194 pro
463 1154 514 1179 αι
516 1133 743 1193 οἰβοτεροι
773 1138 953 1193 denique
983 1136 1065 1179 OK
1093 1137 1251 1179 librarii
1281 1149 1420 1178 errore
1449 1137 1652 1179 exhibent
1682 1134 1975 1197 ἀναιβότεροι.

304 1212 445 1267 Atque
482 1211 556 1252 hos
586 1224 730 1252 versus
764 1215 811 1252 ut
841 1211 1126 1265 emendarent,
1168 1210 1248 1253 viri
1283 1210 1393 1252 docti
1428 1211 1607 1252 multum
1637 1211 1843 1255 dederunt
1872 1227 2035 1269 operae.
2093 1213 2149 1255 Et
2181 1215 2444 1258 Camerarius

135 1278 302 1333 quidem
331 1278 467 1332 priore
496 1290 620 1317 versu
648 1290 723 1331 pro
753 1273 824 1317 τοί
851 1277 1014 1332 scripsit
1043 1277 1109 1334 τῇ,
1143 1290 1224 1332 quo
1254 1280 1396 1317 tamen
1425 1275 1546 1317 facile
1575 1290 1716 1319 carere
1743 1292 1976 1334 possumus.
2026 1279 2175 1334 Neque
2204 1280 2294 1321 sine
2314 1279 2443 1322 offen-

134 1343 248 1384 sione
278 1347 364 1383 erat
390 1341 638 1382 adiectivum
670 1337 924 1396 κακοψόγῳ,
957 1342 1074 1383 cuius
1102 1342 1193 1383 loco
1219 1341 1468 1384 Boissonade
1497 1338 1752 1398 καλσψόγῳ,
1786 1344 2002 1398 Emperius
2022 1339 2280 1400 ἀκροψόγῳ,
2313 1346 2442 1399 Bequ

135 1403 370 1463 φιλοψόγῳ
410 1406 604 1447 substitui
633 1407 734 1449 vult.
793 1407 852 1448 At
889 1421 942 1448 ne
979 1407 1023 1448 in
1052 1407 1130 1448 hoc
1160 1407 1328 1463 quidem
1358 1406 1561 1449 vocabulo
1591 1408 1738 1461 video,
1775 1409 1875 1465 quid
1913 1413 2024 1451 recte
2054 1411 2275 1466 vituperes,
2334 1410 2445 1452 Nam

134 1473 210 1514 etsi
244 1472 322 1513 hoc
360 1471 610 1512 adiectivum
648 1471 816 1512 aliunde
846 1471 948 1512 mihi
977 1485 1061 1513 non
1090 1475 1235 1514 notum
1266 1475 1345 1524 est,
1387 1475 1528 1513 tamen
1558 1477 1671 1514 recte
1699 1474 1922 1516 formatum
1952 1479 2035 1529 est;
2075 1480 2138 1517 est
2169 1476 2279 1516 enim
2309 1475 2444 1518 deter-

132 1538 387 1589 minativum,
417 1536 527 1591 quod
558 1536 717 1590 dicitur,
749 1537 1034 1592 compositum,
1065 1537 1176 1593 quod
1205 1541 1278 1578 aut
1304 1537 1418 1578 idem
1446 1538 1558 1579 valet
1586 1552 1634 1580 ac
1654 1540 1800 1589 κακῶς
1831 1538 1989 1596 ψέγων,
2011 1541 2132 1594 male,
2162 1541 2186 1583 i.
2209 1555 2243 1582 e.
2264 1542 2444 1594 malique

132 1607 376 1656 vituperans,
406 1606 453 1642 ut
482 1597 729 1656 κακολόγος,
762 1598 1088 1659 κακοπράγμων
1117 1606 1204 1656 etc„
1233 1607 1307 1644 aut
1334 1602 1446 1644 idem
1474 1616 1523 1644 ac
1542 1604 1661 1657 male,
1691 1605 1714 1645 i.
1738 1619 1772 1646 e.
1794 1609 1917 1649 nimis
1946 1610 2198 1660 vituperans,
2229 1610 2275 1647 ut
2306 1603 2439 1647 κακό-

131 1683 261 1718 σινος,
293 1664 580 1724 κακοφθόρος
609 1672 686 1710 etc.
742 1668 898 1710 Similis
927 1669 995 1710 vel
1024 1668 1170 1710 eadem
1200 1664 1333 1719 πόλις
1361 1664 1616 1723 κακοψόγος
1644 1684 1711 1711 vv.
1737 1669 1933 1714 367—70
1963 1676 2153 1713 accurate
2183 1671 2443 1716 describitur.

301 1742 458 1791 Quodsi
495 1742 572 1783 hoc
603 1756 725 1784 versu
766 1743 997 1785 mutatione
1035 1757 1120 1785 non
1156 1756 1259 1796 opus
1299 1757 1389 1785 esse
1416 1743 1602 1797 videtur,
1642 1758 1690 1786 eo
1727 1746 1957 1801 corruptior
1986 1760 2164 1801 sequens
2194 1760 2338 1788 versus
2368 1751 2442 1789 est

128 1809 270 1865 Atque
311 1807 390 1849 viri
431 1807 538 1848 docti
577 1807 647 1848 alii
681 1808 763 1849 alia
806 1812 1115 1863 proposuerunt
1157 1807 1352 1850 remedia
1433 1807 1490 1850 Et
1527 1810 1738 1853 Hermann
1775 1811 1942 1866 quidem
1981 1811 2142 1853 scribit:
2193 1807 2252 1862 ὡς
2291 1810 2340 1853 δέ
2375 1826 2444 1862 τις

129 1874 200 1927 (sc.
231 1868 433 1925 ἁνδάνει),
465 1887 523 1920 ως
553 1867 643 1914 ἇῖει
673 1871 836 1916 πολλὸν
866 1868 1170 1930 ἀνολβότερσςε
1208 1877 1256 1915 ut
1295 1874 1472 1930 quisque
1500 1875 1654 1930 placet,
1684 1876 1744 1917 ita
1774 1876 1958 1918 stolidior
1987 1877 2118 1918 multo
2148 1877 2264 1918 audit
2294 1878 2441 1920 ceteris

128 1939 298 1981 civibus.
357 1938 590 1980 Artificiose
620 1943 662 1979 et
692 1939 966 1993 subobscure,
1007 1944 1055 1980 ut
1083 1938 1284 1981 Welcker
1313 1943 1426 1981 recte
1456 1945 1608 1982 monet.
1670 1939 1869 1983 Similiter
1901 1943 2064 1996 Ma‘lely:
2096 1939 2154 1992 ὡς
2184 1940 2234 1984 δέ
2260 1957 2349 1993 τις,
2383 1937 2442 1993 ὣς

128 2003 217 2048 αἰεὶ
248 2002 403 2046 πολλοὶ
433 1998 731 2059 ἆνολβότεροιε
765 2009 812 2046 ut
830 2018 930 2046 vero
959 2004 1108 2060 aliquis
1129 2003 1200 2058 (sc.
1219 2003 1389 2060 placet),
1419 2004 1478 2046 ita
1497 2005 1687 2062 plerique
1707 2010 1805 2048 sunt
1823 2007 2067 2049 miseriores.
2116 2007 2269 2056 Quod
2258 2022 2442 2063 lngenue

126 2071 257 2112 fateor
294 2083 360 2110 me
398 2082 482 2110 non
517 2069 823 2111 intellecturum
859 2070 1004 2122 fuisse,
1048 2069 1128 2111 nisi
1162 2070 1421 2113 adnotasset.
1460 2068 1529 2122 τίς
1566 2075 1629 2113 est
1664 2068 1906 2130 μούναρχος
1933 2087 1964 2114 s
1995 2069 2219 2129 τύραννοςέ
2279 2074 2441 2127 Kayser

125 2140 285 2177 autem.
324 2130 382 2183 ὥς
419 2133 466 2176 δὲ
506 2133 580 2176 καὶ
616 2129 820 2191 ὀρθῶσαι
851 2134 1003 2190 πολλῷ
1033 2129 1308 2193 ἅνολβοτέρη.
1368 2135 1429 2178 At
1457 2137 1580 2179 valde
1616 2137 1779 2191 dubito,
1818 2152 1958 2180 annon
1989 2138 2148 2180 Graece
2186 2139 2265 2180 dici
2295 2139 2441 2194 possit.

127 2196 387 2256 ἀνολβοτέρη
427 2196 486 2249 ὡς
521 2195 724 2256 ὀρθῶσαι
761 2214 836 2256 pro
868 2195 896 2257 ἢ
927 2198 1038 2243 ω’στε
1066 2215 1096 2246 s.
1127 2197 1198 2253 ὡς.
1258 2201 1484 2245 Praeterea
1519 2205 1645 2246 etiam
1680 2218 1807 2260 aegre
1842 2205 2049 2247 obiectum
2079 2206 2197 2248 verbi
2234 2201 2440 2262 ὀρθῶσαι

126 2265 422 2308 desideramus.

294 2339 380 2380 Alii
410 2338 490 2380 viri
527 2339 638 2382 docti
669 2340 844 2382 verbum
882 2341 1023 2382 σῶσαι
1053 2341 1121 2382 vel
1148 2341 1400 2386 adiectivum
1430 2344 1518 2393 σῶς
1547 2345 1747 2398 retinent,
1787 2348 1834 2386 ut
1873 2345 2072 2387 Welclcer:
2117 2342 2228 2386 ὥσθ’
2258 2342 2301 2387 οἱ
2331 2347 2441 2395 σῶες

126 2399 197 2446 ἀεὶ
226 2418 272 2445 π.
306 2399 369 2452 οἱ,
412 2418 590 2460 quocum
632 2407 728 2449 Geel
763 2406 986 2460 consentit3
1030 2406 1219 2450 similiter
1261 2410 1567 2453 Schneidewin:
1611 2406 1722 2452 ὥσθ’
1754 2406 1796 2451 οἶ
1828 2410 1916 2460 σῶς
1945 2407 2035 2452 αἰεί
2065 2410 2154 2452 κτλ.
2214 2411 2275 2453 At
2302 2411 2345 2453 in
2375 2411 2440 2453 his

125 2470 371 2511 coniecturis
410 2474 451 2511 et
479 2471 608 2512 verba
646 2468 689 2514 οἱ
727 2471 838 2520 σῶες
874 2486 905 2512 s.
936 2471 1023 2520 σῶς
1058 2471 1279 2528 displicent
1314 2487 1451 2530 neque
1494 2476 1701 2517 sententia
1738 2480 1837 2531 apta
1872 2475 2051 2518 videtur.
2109 2476 2264 2518 Contra
2294 2478 2440 2519 Selloe-

123 2548 320 2577 mannum
349 2539 499 2588 autem,
531 2537 603 2591 qui
634 2534 745 2578 ιῖίστε
777 2535 825 2578 δὲ
856 2538 945 2588 σῶς
974 2531 1089 2579 εἶναι
1119 2538 1272 2594 πολλῷ
1301 2535 1591 2596 ἄνσλβότερσς
1611 2542 1798 2595 coniecit,
1828 2541 1938 2584 idem
1959 2541 2212 2583 monendum
2233 2546 2295 2583 est
2313 2546 2440 2597 atque

124 2605 267 2642 contra
307 2600 548 2654 Kayserum.
605 2603 691 2644 Alii
728 2617 851 2659 porro
891 2617 966 2658 pro
1005 2599 1065 2653 ὡς
1093 2618 1126 2646 s.
1160 2601 1273 2647 ὥστε
1306 2606 1654 2662 praepositionem
1694 2605 1738 2656 ἐς
1775 2607 2043 2662 scripserunt,
2081 2610 2128 2648 ut
2157 2607 2439 2650 Boissonade:

123 2664 169 2716 ἐς
196 2665 243 2707 δὲ
272 2662 321 2708 τὸ
353 2664 455 2707 σῶσ’
486 2664 573 2709 αἰεὶ
604 2667 763 2710 πολλοὶ
794 2663 1101 2725 ἇνολβότεροι·
1131 2670 1321 2712 similiter
1350 2672 1558 2725 Hartuny:
1587 2667 1632 2721 ἐς
1662 2671 1710 2714 δὲ
1739 2670 1789 2715 τὸ
1822 2672 1963 2714 σῶσαι
1993 2669 2074 2713 τοὶ
2094 2685 2143 2712 π.
2167 2666 2208 2712 ἆ
2269 2671 2330 2713 At
2358 2673 2438 2714 hae

126 2745 293 2786 quoque
323 2732 582 2775 coniecturae
611 2734 656 2775 in
685 2734 873 2789 linguam
902 2733 1105 2777 Graecam
1133 2750 1305 2791 peccare
1334 2737 1549 2790 videntur3
1578 2751 1676 2779 nam
1706 2739 1798 2794 quis
1828 2737 1957 2779 dixit:
2000 2731 2285 2793 ἀνολβότεροι
2315 2736 2360 2788 ἒς
2385 2736 2436 2781 τὸ

123 2811 266 2838 σωσαι
295 2810 370 2852 pro
401 2791 429 2853 ἢ
457 2812 567 2839 ωστε
598 2800 763 2842 σῶσαι
756 2802 776 2834 9
833 2799 983 2855 Neque
1012 2814 1112 2842 vero
1140 2803 1372 2845 sententiae
1401 2803 1500 2845 satis
1529 2803 1707 2858 faciunt3
1735 2818 1834 2846 nam
1864 2816 1970 2859 quae
1998 2808 2064 2844 est
2093 2807 2292 2857 oppositio
2328 2805 2438 2847 inter

122 2858 319 2903 ἁνδάνειν
355 2867 397 2904 et
430 2865 603 2907 σῶσαιῨ
661 2865 808 2907 Potius
847 2865 1068 2907 dicendum
1106 2871 1209 2909 erat:
1250 2870 1407 2912 nullum
1445 2870 1660 2912 consilium
1698 2871 1844 2923 placet,
1883 2868 1956 2910 sed
1990 2873 2072 2922 ipsi
2099 2881 2191 2912 sese
2219 2874 2326 2913 tueri
2354 2883 2437 2914 non

119 2933 301 2982 possunt.
359 2928 551 2983 Accedit,
590 2931 701 2986 quod
730 2931 906 2973 verbum
946 2931 1088 2973 σῶσαι
1126 2946 1211 2974 11011
1238 2933 1389 2988 habet,
1429 2947 1512 2991 quo
1541 2934 1758 2977 referatur.
1814 2934 1957 2990 Atque
1985 2933 2064 2975 hoc
2093 2933 2242 2975 vitium
2271 2934 2436 2996 tollunt

120 2993 362 3070 relinquunt
399 2999 534 3036 cetera
566 2996 707 3049 Orelli,
746 2997 818 3052 qui
854 2994 901 3046 ἒς
937 2994 984 3038 δὲ
1022 2993 1072 3039 τὸ
1111 2998 1199 3039 σῶν
1238 2994 1329 3040 αἰεί
1367 2998 1456 3040 κτλ.
1470 3029 1482 3047 ,
1520 3002 1561 3039 et
1600 3000 1835 3053 Emperius,
1874 2998 1947 3054 qui
1975 2996 2021 3047 ἐς
2051 2997 2099 3040 δε
2126 2996 2176 3040 τὸ
2208 3000 2295 3050 σῶς
2323 2973 2436 3042 εἶναι

122 3056 287 3102 πολλὸν
316 3053 574 3116 ἆνολβοτέηη
606 3062 790 3103 coniecit.

290 3131 468 3174 Restant
496 3135 756 3177 coniecturae
776 3136 960 3188 Bequii:
991 3130 1050 3184 ὥς
1079 3133 1155 3178 ἒτὰ
1183 3131 1415 3180 νώσασθαι
1445 3141 1488 3179 et
1517 3132 1576 3187 ὡς
1603 3133 1797 3180 micae&
1828 3134 1918 3180 αἰεὶ
1947 3137 2054 3186 κτλ.,
2085 3142 2128 3181 et
2146 3139 2435 3182 Heimsoetltii:

122 3196 167 3248 ἐς
196 3196 244 3240 δὲ
272 3195 322 3240 τὸ
344 3193 536 3240 abacto&
565 3197 607 3241 οὶ
629 3200 733 3250 κτλ,,
764 3201 809 3242 111
830 3214 937 3256 quae
957 3201 1102 3243 eadem
1122 3202 1210 3244 fere
1228 3202 1395 3256 cadunt,
1415 3216 1523 3258 quae
1542 3208 1685 3245 contra
1703 3203 1884 3258 reliquas
1905 3204 2160 3246 coniecturas
2179 3203 2434 3246 monuimus:

121 3263 348 3306 abhorrent
385 3264 439 3306 ab
479 3279 556 3306 usu
595 3266 764 3321 linguae
793 3265 978 3308 Graecae
1017 3280 1155 3323 neque
1190 3267 1422 3310 sententiae
1463 3267 1563 3309 satis
1607 3267 1783 3321 faciunt,
1822 3281 1930 3323 quae
1974 3268 2180 3324 postulat.
2219 3261 2279 3317 ὡς
2308 3262 2434 3310 αὐτοὶ

122 3327 199 3372 &uic
227 3345 261 3371 ν.
291 3333 333 3371 et
361 3327 406 3379 ἐς
434 3329 482 3373 δὲ
511 3329 561 3373 τὸ
593 3326 718 3374 αὐτοὶ
747 3349 779 3373 ν.
810 3330 901 3373 κτλ.
961 3331 1050 3374 Nec
1078 3333 1211 3388 magis
1239 3333 1395 3389 placet,
1437 3331 1550 3388 quod
1579 3332 1690 3374 idem
1719 3332 1850 3386 Beryk
1879 3333 2076 3376 coniecit.
2118 3330 2185 3382 δὶς
2214 3330 2262 3374 δὲ
2291 3328 2434 3382 τόσως

123 3393 212 3438 αἰεὶ
248 3410 296 3437 π.
336 3390 398 3436 ἀπ
388 3428 399 3450 ,
441 3410 526 3438 11011
564 3398 676 3439 enim
712 3398 862 3453 liquet,
904 3410 986 3453 quo
1022 3398 1114 3440 iure
1143 3396 1211 3448 ὄις
1237 3394 1380 3450 τόσως
1408 3398 1587 3452 dicam,
1632 3411 1727 3440 cum
1756 3399 2009 3455 comparatio
2038 3397 2152 3440 nulla
2179 3397 2436 3440 instituatur
