2704 3906
1177 286 1454 327 -10-

166 420 340 477 poculis,
379 423 423 458 ut
461 415 513 456 de
543 429 611 466 ec,
654 414 762 469 quod
803 408 1060 468 φιλοιίσιον
1092 413 1271 451 vocatur.
1329 409 1446 450 Idem
1484 409 1736 451 monendum
1776 414 1837 451 est
1868 414 2010 452 eontra
2040 411 2102 464 id,
2145 411 2254 466 quod
2286 412 2470 467 Hartunq

167 484 356 527 coniecit:
394 479 467 522 ἔτί
496 477 651 531 χείλέσ
680 475 805 530 ἔχεις.
868 479 1017 519 ΙΙεοΙῑει·
1057 480 1196 516 autem
1227 475 1307 529 legi
1338 474 1448 516 vult:
1492 472 1566 530 τῲ
1597 474 1643 516 δὲ
1675 470 1910 532 πρόχειροι
1940 471 2074 527 ἔχεις,
2116 477 2225 533 quod
2254 491 2279 519 a
2309 477 2470 520 ratione

168 550 288 591 huius
331 547 407 588 loci
443 545 622 587 alienum
652 550 731 597 cst,
769 557 849 599 quo
889 543 988 584 certi
1019 540 1231 582 cuiusdam
1261 539 1396 595 poculi
1427 539 1469 580 in
1501 539 1691 581 convivio
1723 540 1945 581 necessarii
1975 541 2225 583 mentionem
2258 542 2345 584 fieri
2376 556 2469 584 cum

167 627 220 654 ex
262 609 599 653 antecedentibus
628 609 766 650 verbis
796 608 926 650 videri
965 607 1059 647 licet
1090 610 1179 646 tum
1219 604 1427 646 luculente
1457 618 1511 646 ex
1540 608 1741 659 sequente
1770 605 1861 646 illo:
1903 600 2136 662 ἀρνεῖσθαι
2169 604 2204 648 δ’
2235 602 2313 648 οὐκ
2345 601 2470 657 οἶδας

168 677 352 718 efficitur.

336 740 416 781 Sed
447 739 480 780 si
510 738 585 780 hos
606 752 750 780 versus
779 738 1008 779 accuratius
1038 734 1445 787 consideraverimus,
1477 734 1578 776 haec
1607 735 1755 790 pocula
1784 735 1827 776 in
1857 735 2046 778 convivio
2067 738 2300 779 necessaria
2320 738 2363 780 in
2383 738 2466 781 duo

167 806 299 847 divisa
329 818 417 847 esse
448 803 678 845 videbimus
707 816 881 857 genera:
910 803 952 843 in
983 814 1044 852 ea,
1076 813 1182 855 quae
1210 799 1289 855 ipsi
1319 800 1519 841 convivae
1547 801 1655 841 inter
1685 813 1728 841 se
1758 799 1925 853 bibunt,
1957 804 1999 841 et
2026 801 2070 842 in
2098 815 2158 855 ea,
2189 816 2296 858 quae
2325 804 2378 845 ab
2410 805 2468 846 eis

168 872 209 912 in
241 871 438 912 honorem
467 868 699 910 absentium
731 867 976 908 hauriuntur
1008 865 1066 920 (v.
1097 864 1180 908 489
1211 869 1253 906 et
1282 879 1322 906 v.
1349 863 1468 919 490).
1525 865 1633 907 Nam
1664 862 1689 922 ἡ
1722 860 1982 922 φιλοτήσιος
2011 861 2139 916 κύλιξ
2164 867 2252 910 sive
2284 864 2307 925 ἡ
2341 869 2471 924 φιλο-

168 934 294 992 „sola
325 932 457 984 πόσις
486 947 533 975 ea
564 938 646 985 est,
689 946 810 987 quam
840 932 960 973 amici
990 932 1060 973 alii
1091 931 1180 972 aliis
1210 931 1452 972 nominatim
1482 931 1706 986 propinant
1735 931 1783 972 cf.
1813 930 1962 972 Critias
1992 930 2039 984 2,
2071 930 2097 973 3
2126 946 2184 987 sq.
2244 933 2470 989 Sequentia

170 1016 268 1044 vero
290 1001 434 1043 v:erba
468 1017 490 1055 ι
524 998 569 1040 δέ
600 995 831 1054 πρόκειται
861 997 914 1037 ad
945 1010 993 1037 ea
1023 996 1171 1052 pocula
1191 995 1379 1048 referam,
1411 1009 1517 1050 quae
1542 1009 1567 1036 a
1595 996 1792 1050 magistro
1815 995 1984 1037 bibendi
2005 997 2272 1052 imperantur,
2294 999 2337 1040 cf
2362 999 2469 1041 Plat.

165 1080 296 1122 symp.
326 1080 365 1120 p.
398 1063 497 1107 176;
528 1062 668 1105 πίνειν
697 1060 800 1105 ὅσοι
830 1057 881 1103 ἂι
911 1059 1093 1110 ἕκαστος
1119 1056 1343 1116 βουληται,
1375 1056 1613 1115 ἐπάναγκες
1643 1060 1690 1103 δὲ
1718 1061 1853 1117 μηδὲν
1883 1056 2470 1117 eiva0.'1¹heoerit.14,18:

166 1126 218 1187 ἧς
245 1126 384 1181 πότος
414 1126 530 1180 ἆόίς.
585 1123 662 1185 ἤδη
695 1128 741 1170 δὲ
772 1123 1006 1184 προιόντος
1034 1124 1147 1176 ἔδοξ’
1176 1125 1434 1178 ἑπιχεῖσθαι
1465 1121 1654 1184 α’κρατον
1685 1119 1837 1178 ὧτινος
1864 1122 1988 1184 ἤθελ’
2009 1127 2202 1178 §.naowg
2227 1123 2318 1171 ε’δει
2337 1145 2470 1181 μονον

166 1189 316 1245 ὧτινος
352 1193 502 1237 εἰπεῖν.
564 1188 701 1245 ἷίιιμες
735 1194 813 1246 μὲν
850 1194 1087 1248 φωνεῦντες
1122 1190 1347 1244 ἕπίιομες,
1389 1188 1448 1241 ὡς
1477 1190 1695 1235 ἐδέδοκτο.
1755 1193 1898 1249 Atque
1927 1194 2098 1235 verbum
2140 1192 2322 1251 φέρεται
2358 1195 2468 1238 idem

164 1262 274 1303 valet
302 1266 448 1316 atque:
483 1260 580 1312 „tibi
609 1264 829 1312 apponitur
857 1263 944 1302 sive
974 1260 1046 1301 tibi
1076 1262 1226 1312 apponi
1254 1257 1399 1311 iubes‘ss
1431 1272 1484 1301 sc.
1513 1272 1538 1299 a
1567 1259 1786 1313 pincerna;
1825 1258 1999 1300 verbum
2029 1262 2301 1316 προκεῖσθαι
2330 1266 2469 1304 autem

164 1326 366 1402 significat
396 1326 434 1368 h.
464 1325 510 1366 l.-
534 1328 805 1378 „imperatum
835 1329 895 1366 est
925 1325 1110 1366 omnibus
1139 1337 1172 1367 s.
1199 1322 1376 1375 palam“.
1423 1323 1621 1366 Similiter
1651 1324 1828 1378 legimus
1856 1324 1966 1379 apud
1988 1324 2184 1380 Xenoph
2212 1339 2343 1381 symp.
2364 1325 2403 1379 2,
2423 1326 2470 1369 7:

165 1391 251 1433 nvi
291 1391 336 1432 δὲ
375 1389 428 1431 τὰ
464 1386 728 1446 προκείμενα
760 1384 1069 1440 ἀποτελοῦμεν.
1130 1387 1286 1431 Herod.
1317 1389 1363 1441 1,
1397 1390 1468 1430 11:
1501 1386 1594 1446 ω’ρα
1625 1384 1860 1444 ἀναγκαίην
1890 1384 2093 1444 ἀληθέως
2122 1390 2411 1448 ποοκειμένην
2443 1409 2468 1449 r

163 1456 237 1499 ui»
266 1452 481 1510 δεσπότην
511 1450 751 1496 ἀπολλύναι
785 1450 811 1510 ἢ
841 1450 971 1497 αὐτὸν
1000 1450 1074 1494 ὑπ’
1095 1447 1235 1495 ἄλλων
1268 1448 1565 1501 ἀπόλλυσθαι.
1607 1455 1802 1510 Aeschyl.
1823 1454 1936 1497 Pers.
1956 1455 2060 1497 371:
2090 1458 2201 1498 πᾶσι
2233 1455 2470 1515 στέρεσθαι

165 1520 323 1579 κρατὸς
352 1515 402 1577 ἦν
430 1517 727 1577 προκείμειοι.
790 1519 981 1575 Sophocl.
1010 1519 1156 1574 Antig
1185 1519 1258 1562 36·
1289 1517 1424 1575 φόνον
1453 1523 1724 1577 προκεῖσθαι
1755 1515 2045 1576 δημόλευστον
2074 1520 2118 1563 ἐν
2147 1518 2290 1564 πόλει.

332 1585 488 1634 Quodsi
517 1585 583 1626 hic
613 1598 754 1627 versus
785 1584 905 1638 (489)
935 1585 1091 1640 optime
1121 1599 1165 1627 se
1195 1585 1337 1639 habet,
1367 1586 1472 1628 alter
1503 1600 1551 1628 ea
1579 1600 1625 1628 re
1653 1586 1835 1639 laborat,
1866 1586 1976 1642 quod
2006 1588 2134 1629 verba
2162 1586 2238 1644 τὴν
2269 1588 2316 1630 δὲ
2345 1593 2473 1639 θεοῖς

164 1651 366 1700 σπένδεις
392 1655 534 1706 aperte
563 1650 796 1705 significant
826 1651 1031 1706 poculum,
1063 1651 1175 1706 quod
1204 1651 1246 1692 in
1276 1651 1511 1693 absentium
1542 1652 1742 1693 honorem
1772 1651 1940 1705 bibitur,
1971 1666 2054 1694 non
2083 1654 2300 1708 sequentia
2327 1653 2404 1711 τὴν
2435 1653 2470 1695 δ’

163 1716 238 1759 ἐπὶ
265 1714 414 1772 χειρὸς
442 1712 571 1767 ἔχεις,
613 1729 719 1770 quae
749 1715 800 1757 ob
831 1715 939 1756 hanc
975 1729 1141 1757 causam
1177 1720 1370 1772 corrupta
1401 1730 1491 1759 esse
1520 1717 1713 1758 diximus.
1775 1716 1959 1765 Quorum
1990 1718 2080 1760 loco
2111 1718 2211 1773 quid
2240 1719 2470 1775 antiquitus

162 1783 359 1838 scriptum
388 1781 523 1833 fuerit,
553 1781 818 1836 reperiemus,
848 1781 882 1822 si
913 1780 1128 1822 nobiscum
1157 1782 1506 1836 reputaverimus,
1538 1796 1714 1837 quorum
1743 1781 1785 1822 in
1816 1781 2013 1824 honorem
2042 1782 2278 1825 absentium
2306 1788 2469 1826 veteres

163 1848 310 1903 pocula
338 1847 503 1887 haurire
534 1846 642 1887 soliti
673 1846 765 1888 sint.
820 1845 927 1887 Sunt
958 1848 1023 1888 dei
1054 1850 1095 1887 et
1124 1850 1285 1889 amasii.
1333 1846 1466 1902 Atqui
1495 1849 1561 1890 dei
1581 1847 1718 1888 verbis
1746 1844 1823 1902 τὴν
1853 1845 1900 1889 δὲ
1929 1849 2056 1897 θεοῖς
2085 1846 2286 1898 σπένδεις
2314 1849 2471 1904 signifi·

162 1917 318 1954 eantur.
366 1911 478 1966 Ergo
499 1911 720 1953 verborum
752 1915 1039 1967 corruptorum
1071 1925 1215 1953 sensus
1245 1912 1278 1952 is
1309 1925 1398 1953 esse
1428 1912 1563 1965 debet,
1594 1916 1640 1953 ut
1670 1912 1847 1954 dicatur:
1877 1911 1954 1954 hoc
1983 1914 2177 1968 poculum
2206 1916 2249 1956 in
2269 1915 2469 1957 honorem

163 1981 312 2021 amasii
348 1982 476 2033 potas.
535 1976 678 2018 Scribo
719 1978 869 2032 igitur:
912 1975 988 2034 τὴν
1027 1977 1063 2018 δ’
1103 1975 1255 2034 ἐπιχέῃ
1293 1977 1399 2030 (sive
1437 1976 1628 2030 ἑπιχέαι)
1667 1979 1743 2019 τοῦ
1782 1975 1895 2035 ἐρᾷς.
1962 1978 2028 2020 De
2057 1980 2184 2021 verbo
2215 1978 2472 2032 ἐπικεῖσθαι’

162 2058 294 2092 τινοςε
324 2044 367 2083 in
396 2042 595 2083 honorem
624 2043 797 2084 alicuius
827 2042 970 2084 bibere
1000 2043 1048 2085 cf.
1079 2043 1252 2085 Theocr.
1284 2043 1350 2096 14,
1380 2043 1448 2096 19,
1481 2057 1604 2099 quem
1634 2044 1771 2084 locum
1801 2056 1924 2098 supra
1953 2042 2261 2100 descripsimus3
2297 2045 2335 2099 2,
2366 2045 2471 2088 151:

162 2104 460 2166 αἱὲνἜρωτος
490 2107 535 2163 (ἰ.
563 2122 598 2149 e.
627 2108 786 2161 amasii)
816 2103 991 2165 ἀκράτω
1021 2106 1231 2160 ἑπεχεῖτο.
1283 2109 1447 2151 Poseid.
1470 2108 1535 2162 10,
1565 2109 1590 2150 1
1622 2108 1703 2161 (ed.
1723 2106 1959 2163 Hartung):
1988 2110 2184 2159 Ναννοῦς
2213 2110 2288 2153 καὶ
2316 2107 2472 2167 Λύδης

163 2172 305 2227 ἐπίχει
337 2170 426 2215 δύο.
456 2195 512 2202 -

330 2240 487 2292 Restat,
519 2243 565 2279 ut
595 2239 647 2280 de
675 2238 878 2280 adiectivo
910 2234 1132 2294 ἀνίκητος,
1165 2239 1276 2294 quod
1306 2254 1345 2283 v.
1373 2238 1456 2283 491
1487 2239 1658 2294 legitur,
1689 2253 1820 2294 pauca
1849 2239 1976 2281 verba
2003 2239 2214 2283 faciamus.
2271 2242 2331 2284 Ut
2361 2243 2470 2284 enim

163 2321 216 2348 ex
242 2304 582 2347 antecedentibus
603 2303 742 2345 verbis
772 2305 873 2346 satis
902 2306 1119 2360 perspicue
1147 2305 1415 2359 intellegitur,
1445 2309 1568 2360 poeta
1599 2318 1682 2346 non
1712 2305 1848 2346 dicere
1877 2309 2012 2361 potest
2041 2318 2132 2348 eum
2151 2311 2349 2350 invictum
2369 2321 2470 2359 esse,

162 2373 232 2427 qui
262 2371 325 2413 his
354 2369 547 2412 omnibus
588 2370 747 2424 poculis
775 2370 934 2412 haustis
964 2384 1105 2412 sanam
1137 2374 1318 2412 mentem
1348 2374 1485 2412 servet
1515 2392 1568 2399 —
1600 2370 1716 2425 quasi
1746 2375 1873 2422 esset,
1913 2370 1983 2426 qui
2012 2370 2088 2412 hoc
2118 2377 2259 2427 posset
2286 2396 2358 2426 -,
2398 2373 2470 2414 sed

162 2437 330 2479 omnino
367 2439 569 2478 neminem
607 2447 712 2488 esse,
755 2436 826 2490 qui
869 2440 930 2477 tot
966 2436 1124 2491 poculis
1165 2436 1340 2491 sumptis
1375 2449 1476 2477 sana
1505 2439 1644 2477 mente
1674 2448 1766 2477 esse
1795 2436 1935 2491 possit.
1993 2435 2190 2491 Sequitur
2218 2437 2469 2479 adiectivum

164 2497 375 2557 ἀνίκητος,
408 2501 518 2556 quod
550 2501 656 2541 hanc
684 2501 1028 2555 significationem
1059 2515 1140 2543 non
1172 2502 1335 2554 habeat,
1364 2507 1604 2557 corruptum
1634 2514 1737 2544 esse.

331 2568 471 2622 Atque
500 2567 652 2608 Hecker
694 2580 768 2621 pro
816 2561 1016 2622 ἀνίκητος
1059 2568 1273 2623 proposuit
1317 2561 1536 2622 ἀκίνητος,
1582 2579 1663 2621 qua
1702 2567 1937 2608 coniectura
1973 2567 2072 2622 quid
2114 2568 2348 2622 lucremur,
2388 2581 2470 2608 non

162 2633 370 2687 intellego.
409 2632 544 2686 Magis
570 2632 622 2673 ad
643 2645 821 2684 sensum,
853 2633 926 2687 qui
946 2633 1192 2688 postulatur,
1222 2631 1532 2674 accomodatum
1554 2635 1626 2684 est,
1649 2632 1759 2686 quod
1780 2634 1963 2685 Hartunq
1982 2634 2183 2688 repperit:
2215 2627 2468 2684 ἇνίχνευτος,

163 2711 414 2753 quamquam
444 2697 692 2739 vocabulum
733 2697 931 2752 displicet.
991 2698 1094 2740 Mihi
1133 2698 1336 2754 optimum
1365 2698 1531 2739 videtur
1569 2697 1730 2752 legere:
1769 2693 2014 2754 ἀγέννητος,
2061 2699 2178 2740 euius
2216 2712 2360 2740 sensus
2390 2704 2472 2741 est:

164 2764 375 2816 „nondum
414 2768 535 2805 natus
574 2769 636 2805 est
674 2764 762 2805 sive
791 2777 875 2805 non
906 2762 1050 2816 vivit“,
1082 2763 1154 2818 qui
1183 2767 1258 2805 etc.
1317 2763 1383 2804 De
1412 2762 1613 2804 vocabulo
1644 2763 1692 2805 cf.
1724 2763 1917 2820 Sophocl.
1947 2762 1996 2805 Ο.
2028 2762 2071 2805 O.
2101 2762 2203 2807 973:
2243 2758 2472 2820 ἆγέννητος

161 2824 250 2871 τότ’
282 2823 326 2884 ἧς
368 2828 421 2870 de
457 2829 663 2870 sententia
692 2829 742 2872 cf.
773 2828 922 2882 odyss.
953 2829 998 2881 6,
1037 2828 1142 2871 201:
1179 2823 1257 2870 οὐκ
1291 2824 1388 2870 ἔσθ’
1419 2820 1546 2876 οὗτος
1575 2823 1681 2886 ἀνὴρ
1713 2827 1860 2886 διερὸς
1887 2826 2044 2887 βροτὸς
2074 2825 2174 2872 οὐδὲ
2204 2829 2390 2886 γένηται,
2422 2828 2473 2880 ὃς

163 2910 235 2936 κεν
277 2890 485 2950 Φαιήκων
523 2891 690 2951 ἀνδρῶν
730 2894 774 2944 ἐς
817 2897 943 2950 γαῖαν
979 2893 1131 2949 ἵκηται
1170 2890 1379 2951 ὃηϊότητα
1418 2893 1582 2951 φέρων,
1627 2897 1892 2952 maximeque
1931 2895 2140 2951 Theognis
2181 2895 2285 2939 801:
2329 2891 2474 2945 οὐδεὶς

163 2957 411 3016 ἀνθρώπων
440 2954 526 3001 οἵτ’
556 2956 729 3003 ἔσσεται
761 2954 859 3002 οἷῗτε
889 2958 1096 3016 πέφυκεν,
1126 2957 1247 3011 ὅστις
1276 2962 1413 3003 πᾶσιν
1442 2957 1558 3003 ἁδὼν
1588 2957 1764 3004 ὃύσεται
1795 2960 1857 3012 εἷς
1876 2957 2046 3003 Ἀΐδεω.
2079 2984 2134 2991 -

332 3026 490 3068 Versus
520 3026 600 3068 511
631 3041 692 3082 sq.
730 3031 855 3082 poeta
883 3026 937 3068 ad
967 3027 1196 3083 hospitem,
1236 3028 1307 3084 qui
1336 3040 1496 3083 pauper
1524 3027 1577 3068 ad
1609 3028 1743 3082 ipsum
1774 3041 1998 3084 pauperem
2028 3031 2214 3080 venerat,
2245 3026 2375 3080 misit,
2413 3033 2473 3075 ut,

163 3092 370 3149 quomodo
410 3105 503 3133 eum
535 3098 785 3148 excepturus
822 3097 941 3146 esset,
979 3092 1157 3134 doceret.
1215 3092 1279 3134 Ac
1307 3097 1527 3148 postquam
1557 3107 1601 3134 se
1631 3094 1685 3147 ei,
1727 3107 1833 3149 quae
1862 3093 2018 3149 optima
2048 3093 2235 3146 haberet,
2278 3091 2468 3134 daturum

163 3159 371 3215 professus
403 3162 476 3211 est,
506 3159 644 3213 pergit
674 3172 711 3199 v,
743 3157 846 3199 515:

1367 3218 1416 3280 ἢν
1446 3221 1495 3265 δέ
1523 3238 1589 3274 τις
1617 3219 1729 3283 ἔλθῃ

822 3289 898 3330 σεῦ
928 3286 1056 3344 φίλος
1087 3284 1157 3338 ὢν,
1189 3285 1424 3338 κατάκεισ’,
1457 3285 1516 3339 ὡς
1545 3287 1779 3346 φιλότητος
1806 3285 1929 3341 ἔχεις,

710 3350 807 3397 οὔτε
837 3371 880 3397 τι
910 3356 996 3396 τῶν
1026 3349 1160 3398 ὄντων
1188 3350 1481 3412 ἀποθήσομαι
1512 3349 1609 3398 othe
1638 3372 1681 3398 τι
1708 3356 1856 3408 μεῖζον

824 3424 902 3478 σῆς
932 3419 1057 3463 ἕνεκα
1089 3419 1227 3478 ξενίης
1255 3415 1446 3464 ἂλλοθεν
1476 3417 1716 3476 οἱσόμεῧα;
