2704 3906
1172 280 1419 320 -4-

316 408 454 460 Atque
492 404 566 444 viri
606 403 714 443 docti
745 403 875 443 multa
905 404 1260 456 excogitaverunt,
1300 402 1451 456 quibus
1481 402 1546 442 his
1584 402 1770 443 versibus
1800 400 2077 455 mederentur,
2108 401 2237 443 veluti
2279 401 2447 443 Ahrens

145 469 474 527 ἀμαυριίῑκουσι,
508 468 727 523 Emperius
757 466 1097 519 ἑπαμῖτιίτχυυσι,
1130 467 1271 520 Bergk
1301 464 1599 522 ἑλαφρίζονσι,
1632 466 1879 508 Heimsoeth
1899 463 1953 507 τὰ
1972 461 2135 522 μέγιστ’
2169 462 2446 522 ἀποφλαυρί-

149 538 285 589 'gon-m:
317 548 423 590 quac
453 534 712 574 coniecturae
741 546 884 574 omnes
914 546 995 574 non
1035 533 1166 572 solum
1197 532 1438 583 sententiae,
1480 545 1604 586 quam
1636 531 1789 586 requiri
1819 544 1946 585 supra
1975 531 2167 586 vidimus,
2196 536 2445 588 repugnant,

143 602 214 643 sed
246 601 380 648 ctiam,
414 604 457 638 ut
490 598 686 650 lIartung
715 603 825 638 recte
856 602 1006 649 monet,
1037 612 1085 638 ea
1115 611 1159 637 re
1188 596 1389 648 laborant,
1420 596 1530 651 quod
1562 596 1735 636 verbum
1766 590 1961 647 πάσχειν,
1994 596 2131 638 media
2160 610 2267 652 quae
2297 597 2446 638 dicitur

145 680 238 716 vox,
268 663 466 704 attributo
498 676 579 702 non
609 662 750 703 addito
782 663 823 703 in
854 663 1003 702 malam
1035 667 1192 715 partem
1222 662 1350 716 accipi
1382 662 1536 716 nequit.
1596 660 1717 708 Quod
1747 674 1845 702 vero
1867 661 1955 716 ipse
1983 661 2182 717 Hartung
2210 663 2445 718 proposuit:

143 730 195 772 τὰ
222 726 386 782 μέγιστ’
416 721 462 767 εὖ
493 729 584 767 παῖ
587 722 621 782 ρ’
667 722 849 773 ἴσκουσι,
897 731 1064 780 propter
1106 725 1332 766 inauditam
1363 725 1705 780 significationem
1746 725 1863 766 verbi
1893 721 2041 780 ἴσκειν,
2083 728 2193 782 quod
2223 727 2445 769 vernaculo

142 795 270 837 verbo
299 792 565 847 „vergeltcffl
594 793 898 846 interpretatur,
930 791 1054 845 recipi
1086 804 1168 831 non
1198 791 1304 831 licet.

310 859 427 906 Quae
457 871 549 898 cum
579 857 636 896 ita
665 857 757 907 sint,
791 869 863 895 nos
894 860 1086 909 putamus
1116 855 1339 908 legendum
1371 868 1477 896 esse:

664 918 703 960 o}
737 920 773 960 δ’
803 915 965 973 ἀγαθοὶ
996 918 1045 959 τὸ
1075 917 1278 974 μέγιστον
1309 913 1355 961 εὖ
1387 913 1441 961 αὖ
1472 918 1646 975 ῥέζουσι
1677 916 1912 970 παθόντες,

141 989 251 1044 quod
283 994 324 1030 ct
353 989 592 1038 sententiae,
623 999 730 1041 quae
759 986 1000 1040 postulatur,
1032 990 1072 1026 et
1103 986 1270 1039 linguae
1291 985 1474 1026 Graecae
1503 985 1665 1040 legibus
1694 986 1793 1027 satis
1812 986 1920 1029 facit.
1974 986 2083 1027 Nam
2111 987 2361 1029 adiectivum
2389 984 2439 1028 τὸ

139 1053 344 1108 μέγιστον
374 1053 630 1094 accusativus
659 1056 721 1092 est
751 1050 968 1095 interioris,
998 1050 1107 1103 quod
1139 1050 1307 1102 dicitur,
1344 1051 1511 1103 obiecti,
1543 1051 1614 1105 qui
1644 1063 1736 1091 cum
1767 1051 1895 1093 verbo
1926 1046 1973 1093 εὖ
2004 1050 2156 1107 ῥέζειν,
2193 1053 2303 1108 quod
2333 1053 2443 1093 idem

141 1124 203 1160 est
232 1132 279 1159 ac
310 1114 506 1173 ὠφελεῖν,
540 1115 851 1169 coniungendus
873 1120 946 1167 est,
974 1116 1016 1156 cf
1029 1130 1062 1156 v.
1082 1129 1114 1156 c.
1131 1115 1400 1158 Demosthen.
1421 1114 1487 1168 20,
1512 1115 1615 1157 119:
1647 1113 1807 1157 ἐκεῖνοι
1826 1112 1975 1171 μεγάλ’
1997 1111 2044 1158 εὖ
2065 1114 2286 1168 παθόντες
2306 1112 2440 1161 οὐδέν’

140 1181 357 1238 ἕτίμῃσαν.
421 1182 569 1236 Neque
606 1181 648 1221 in
687 1180 860 1221 articulo
891 1177 939 1222 τὸ
970 1178 1173 1235 μέγιστον
1203 1194 1339 1235 neque
1376 1181 1418 1221 in
1449 1181 1648 1235 singulari
1688 1185 1762 1234 est,
1799 1182 1910 1237 q'uod
1946 1183 2142 1237 offendas,
2181 1183 2223 1224 cf
2247 1183 2444 1239 Xenoph.

140 1262 307 1289 memor.
326 1248 366 1297 4,
386 1247 425 1299 S,
449 1249 517 1288 11:
547 1242 780 1300 Σωκράτης
810 1242 981 1295 δίκαιος
1012 1240 1064 1302 ἦν
1093 1243 1231 1294 οὕτως
1262 1242 1372 1286 ὥστε
1392 1243 1604 1299 βλάπτειν
1631 1245 1711 1299 μὲν
1729 1246 1862 1303 μηδὲν
1881 1246 2039 1305 μικρὸν
2058 1246 2235 1304 μηδένα,
2259 1243 2445 1304 ὠφελεῖν

141 1315 186 1354 δὲ
218 1310 270 1353 τὰ
298 1310 480 1366 μέγιστα
510 1308 609 1359 τοὺς
647 1308 892 1367 χρωμένους
921 1307 1062 1366 ἑαυτῷ
1101 1318 1142 1353 et
1172 1311 1320 1366 Cyrop.
1352 1311 1390 1365 2,
1420 1312 1459 1364 4,
1490 1312 1566 1355 26?
1607 1310 1735 1354 ἐᾶσαι
1763 1310 1844 1370 χρὴ
1872 1311 1974 1364 τούς
2003 1309 2163 1371 ἄνδρας
2189 1312 2239 1356 τὸ
2269 1313 2445 1371 μέτριον

141 1375 517 1433 ἀποκοιμηθῆναι.
589 1376 751 1416 Deinde
794 1376 845 1416 ad
891 1377 1135 1430 particulam
1178 1370 1246 1424 αὖ,
1292 1391 1398 1432 quae
1443 1378 1669 1432 significat:
1709 1383 1890 1433 „contra,
1930 1381 2143 1434 vicissim‘ss
2178 1381 2220 1421 cf
2248 1380 2444 1435 Xenoph.

139 1458 270 1499 symp.
312 1444 350 1496 4,
380 1443 452 1485 49:
485 1435 518 1482 ιῖ
524 1459 544 1483 ν
579 1440 791 1494 διδόασιν,
822 1437 892 1483 ἀεὶ
923 1436 977 1484 αὖ
1008 1441 1270 1499 παρέχομαι.
1331 1442 1591 1484 Adverbium
1637 1437 1684 1484 εὖ
1723 1443 1901 1500 denique
1939 1446 2063 1487 etiam
2098 1446 2151 1487 ad
2181 1446 2445 1501 participium

140 1505 361 1557 παθόντες
388 1508 542 1559 referri,
573 1508 644 1548 vix
675 1515 748 1560 est,
778 1507 888 1562 quod
920 1522 1120 1549 moneam.
1152 1530 1208 1537 —-

308 1574 465 1615 Versus
496 1571 576 1615 197
607 1586 666 1627 sq.
697 1573 839 1626 Bergk
869 1573 957 1614 cod.
989 1574 1028 1614 A
1059 1578 1222 1614 secutus
1253 1573 1310 1614 sic
1339 1574 1571 1614 constituit:

678 1639 820 1694 χρῆμα
851 1638 888 1679 δ’
919 1632 942 1679 ὃ
972 1637 1050 1690 μὲν
1081 1635 1252 1681 Διόθεν
1283 1637 1357 1680 καὶ
1389 1636 1465 1679 σὺν
1495 1635 1594 1696 δίκῃ
1626 1634 1750 1696 ἀνδρὶ
1779 1637 1952 1695 γένηται

815 1703 890 1745 καὶ
922 1706 1146 1760 καθαρῶς,
1180 1702 1269 1746 αἰεὶ
1300 1701 1577 1760 παρμόνιμον
1605 1703 1794 1747 τελέθει.

681 1766 719 1810 εἰ
751 1764 953 1818 δ’ἆδίκως
983 1768 1106 1826 παρὰ
1137 1767 1292 1827 καιρὸν
1322 1765 1431 1826 ἀνὴρ
1463 1770 1719 1827 φιλοκερδεῖ
1745 1772 1876 1826 θυμῷ

815 1831 1018 1890 κτήσεται
1052 1831 1140 1875 εἴθ’
1170 1832 1286 1891 ὅρκῳ
1318 1851 1409 1892 παρ
1440 1834 1490 1878 τὸ
1524 1833 1695 1877 δίκαιον
1727 1832 1847 1886 ἑλών,

680 1896 835 1941 αι”ῑίκα
865 1898 943 1953 μέν
971 1915 1011 1942 τι
1048 1900 1134 1942 κτλ.

306 1963 387 2005 Sed
418 1978 492 2019 pro
519 1966 664 2022 χρῆμα
696 1966 732 2007 δ’
763 1961 786 2007 ὃ
818 1966 895 2015 μὲν
926 1968 1051 2008 habet
1073 1967 1109 2008 Ο
1129 1962 1321 2022 χρήμαθ’
1353 1958 1400 2021 ᾦ,
1434 1966 1473 2007 Κ
1500 1963 1701 2023 χρήματα
1733 1959 1779 2022 ᾦ,
1809 1967 1957 2022 reliqui
1976 1962 2177 2023 χρήματα
2199 1966 2237 2007 δ’
2257 1958 2316 2021 ᾧ;
2344 1980 2446 2022 quas

136 2029 334 2070 lectiones
363 2043 506 2071 omnes
536 2043 589 2071 ex
619 2031 659 2071 A
690 2033 895 2073 derivatas
927 2047 1015 2074 esse
1044 2034 1177 2088 primo
1208 2033 1357 2073 obtutu
1387 2032 1568 2086 videbis3
1606 2047 1735 2087 quare
1765 2033 1889 2074 etiam
1920 2033 2158 2074 coniectura
2187 2032 2446 2074 Lachmanni

134 2090 327 2149 χρήμαθ’
358 2091 445 2148 ὅτῳ
486 2095 702 2137 scribentis
733 2097 955 2138 reiicienda
986 2103 1060 2139 est.
1120 2099 1203 2140 Sed
1247 2112 1300 2139 ne
1330 2098 1481 2139 codicis
1511 2099 1550 2139 A
1582 2098 1750 2152 quidem
1793 2098 1913 2140 lectio
1942 2098 2043 2139 mihi
2078 2099 2242 2152 integra
2270 2097 2448 2140 videtur.

136 2160 244 2200 Nam
276 2174 369 2200 cum
399 2160 476 2200 hoc
506 2161 606 2201 mihi
636 2162 827 2203 carminis
857 2162 1020 2203 initium
1051 2176 1140 2203 esse
1162 2163 1363 2216 videatur,
1394 2164 1460 2204 cui
1481 2164 1580 2218 quid
1612 2177 1900 2219 praegressum
1921 2164 1986 2212 sit,
2018 2177 2101 2204 non
2122 2163 2322 2218 intelligo,
2344 2167 2445 2219 puto

139 2225 403 2266 scribendum
434 2239 543 2266 esse:
571 2226 694 2282 χρῆμ’
726 2224 753 2269 δ’
782 2242 829 2268 κε
860 2228 948 2268 sive
974 2229 1101 2284 χρῆμ’
1133 2225 1158 2268 δ’
1187 2243 1251 2269 τε;
1282 2242 1555 2284 quaecunque
1583 2243 1649 2269 res
1679 2234 1753 2272 etc,

306 2291 388 2332 Sed
424 2291 538 2332 locus
575 2292 761 2332 nondum
796 2299 1039 2347 persanatus
1076 2299 1160 2346 est3
1201 2293 1366 2334 offendo
1405 2295 1515 2334 enim
1551 2295 1593 2335 in
1624 2295 1762 2336 verbis
1791 2290 1914 2351 παρὰ
1943 2292 2097 2350 καιρὸν
2128 2309 2166 2335 v.
2199 2293 2300 2347 199,
2340 2308 2447 2350 quae

138 2357 239 2398 mihi
270 2356 322 2397 ab
354 2357 431 2397 hoc
459 2357 549 2397 loco
579 2357 714 2398 aliena
742 2358 950 2400 videntur.
1007 2358 1062 2399 Et
1091 2358 1234 2413 Bergk
1265 2373 1313 2400 ea
1345 2365 1538 2413 „praeter
1566 2360 1658 2402 ius“
1685 2374 1774 2402 esse
1803 2361 2117 2415 interpretatur,
2148 2360 2238 2402 aliis
2267 2360 2445 2402 laudatis

138 2423 250 2476 locis,
278 2422 352 2463 ubi
381 2422 640 2464 substantivo
671 2420 825 2480 καιρός
854 2424 1028 2466 eandem
1058 2424 1402 2478 significationem
1433 2425 1641 2466 vindicare
1671 2427 1772 2467 vult.
1812 2426 1870 2467 At
1891 2421 2045 2482 καιρός
2065 2439 2202 2481 neque
2221 2425 2288 2466 hic
2308 2439 2444 2481 neque

138 2490 223 2530 ullo
252 2489 332 2529 alio
362 2489 451 2529 loco
479 2487 595 2540 „ius“
621 2489 844 2543 significat,
882 2489 955 2530 sed
984 2489 1139 2544 ubique
1170 2494 1348 2541 „iustum
1378 2492 1442 2533 vel
1469 2496 1627 2544 tempus
1655 2492 1721 2534 vel
1749 2494 1889 2544 locum,
1920 2489 2297 2544 opportunitatem“.
2356 2491 2445 2533 Nec

138 2554 266 2597 verba
304 2551 426 2610 παρὰ
462 2550 616 2610 καιρόν
653 2568 720 2595 me
749 2567 932 2609 unquam
971 2555 1052 2595 alia
1082 2555 1250 2595 memini
1279 2555 1418 2610 legere
1448 2556 1747 2610 significatione
1777 2570 1902 2613 quam
1925 2560 2224 2610 „inopportuno
2253 2561 2442 2611 tempore,

137 2618 450 2673 intempestive‘2
494 2620 537 2659 cf
562 2634 600 2660 v.
635 2633 668 2661 c.
708 2619 923 2674 Phocylid.
967 2618 1032 2662 16.
1101 2619 1184 2661 Sed
1223 2621 1383 2662 etiamsi
1422 2624 1743 2665 concesserimus
1781 2619 1904 2680 παρὰ
1941 2618 2096 2679 καιρόν
2130 2627 2322 2676 „praeter
2356 2622 2449 2665 ἐπ”

138 2685 368 2739 significare
397 2698 528 2740 posse,
559 2698 697 2726 nonne
727 2685 855 2726 verba
884 2683 1007 2741 παρὰ
1037 2681 1192 2742 καιρόν
1223 2690 1264 2727 et
1294 2682 1456 2738 ἀδίκως
1484 2689 1765 2744 importunam
1793 2688 2063 2742 tautologiam
2093 2687 2300 2729 efficient?

308 2750 465 2799 Quodsi
502 2750 631 2792 verba
668 2749 791 2808 παρὰ
829 2747 983 2807 καιρόν
1019 2752 1120 2807 quin
1154 2758 1349 2808 corrupta
1385 2754 1468 2795 sint
1502 2767 1584 2795 non
1623 2754 1795 2796 dubium
1825 2754 2008 2807 videtur,
2050 2766 2194 2795 eorum
2222 2753 2311 2795 loco
2343 2755 2444 2810 quid

138 2815 473 2858 substituendum
503 2817 567 2869 sit,
597 2829 652 2857 ex
680 2817 876 2858 antithesi
906 2818 1023 2859 facile
1054 2817 1300 2862 videbimus.
1339 2818 1444 2860 Cum
1475 2819 1584 2860 enim
1614 2820 1673 2861 illi
1699 2820 1960 2862 antecedenti
1980 2814 2056 2861 σὺν
2077 2815 2177 2876 δίκῃ
2198 2819 2444 2862 adverbium

140 2877 322 2929 ἀδίκως,
363 2881 423 2922 illi
462 2883 674 2938 καθαρῶς
702 2882 831 2923 verba
868 2879 944 2923 εἴθ
973 2880 1090 2940 ὅρκῳ
1121 2898 1212 2940 παρ
1241 2881 1291 2925 τὸ
1322 2882 1494 2927 δίκαιον
1524 2881 1633 2927 ἑλών
1662 2885 1952 2942 respondeant,
1981 2885 2080 2940 quid
2112 2886 2244 2940 magis
2273 2899 2444 2929 consen-

138 2952 308 2989 taneum
338 2951 399 2987 est
429 2961 553 3002 quam
583 2948 711 2989 verba
741 2945 864 3004 παρὰ
895 2945 1048 3006 καιρόν
1077 2950 1129 2990 ad
1159 2950 1262 2991 illud
1291 2947 1463 2993 Διόθεν
1490 2952 1665 2993 referri?
1714 2952 1940 2994 Scribimus
1969 2950 2097 3005 igitur
2118 2948 2241 3008 παρὰ
2261 2947 2442 3004 δαίμον’,

139 3012 251 3068 quod
287 3012 397 3053 idem
428 3013 538 3054 valet
573 3018 699 3068 atque
732 3018 887 3066 „invito
916 3014 1027 3068 deo“,
1063 3020 1109 3057 ut
1143 3016 1255 3071 apud
1284 3016 1516 3058 Homerum
1555 3017 1602 3058 11.
1635 3016 1698 3070 17,
1729 3016 1784 3061 98
1813 3013 1927 3073 πρὸς
1956 3014 2164 3067 δαίμονα,
2207 3017 2444 3073 optimeque

139 3079 199 3120 illi
228 3074 399 3120 Διόθεν
427 3080 661 3134 opponitur.
691 3103 745 3109 —

308 3144 489 3186 Versum
518 3145 603 3188 260
632 3146 775 3201 optimi
806 3146 967 3188 codices
996 3146 1133 3190 AOK
1163 3148 1220 3189 sic
1250 3147 1467 3189 exhibent:

808 3208 983 3268 φεύγειν
1012 3209 1278 3269 ἀπωσαμένη
1308 3209 1384 3255 τὸν
1413 3210 1547 3255 κακὸν
1579 3209 1760 3268 ἡνίοχον,

140 3288 247 3331 quae
276 3275 404 3317 verba
440 3289 534 3317 cum
570 3282 713 3332 aperte
750 3279 792 3319 in
821 3282 1001 3319 metrum
1039 3284 1230 3332 peccent,
1269 3278 1497 3320 deteriores
1533 3278 1627 3319 libri
1667 3278 1883 3320 manifesta
1912 3278 2163 3320 correctione
2194 3277 2236 3318 in
2267 3271 2445 3332 φεύγειν

141 3336 340 3397 ὥσαμένη
372 3342 709 3384 immutaverunt.
767 3343 849 3385 Sed
880 3344 1018 3385 nullus
1049 3344 1203 3397 dubito,
1234 3345 1335 3400 quin
1364 3343 1468 3384 illud
1499 3338 1765 3400 ἀπωσαμένη
1795 3357 1820 3384 a
1850 3348 1972 3399 poeta
1999 3344 2089 3400 ipso
2118 3342 2348 3398 profectum
2369 3342 2445 3398 sit3

140 3419 236 3448 nam
265 3420 348 3462 quo
376 3407 457 3448 alio
488 3407 609 3448 modo
639 3412 759 3462 putas
790 3408 914 3450 etiam
944 3413 1088 3450 contra
1118 3414 1296 3451 metrum
1325 3409 1368 3450 in
1397 3409 1575 3464 optimos
1605 3410 1731 3451 libros
1760 3410 1942 3465 irrepere
1971 3408 2182 3465 potuisse?
2231 3407 2324 3450 Hoc
2344 3421 2443 3450 vero
