2704 3906
1224 293 1501 334 -14-

213 423 407 469 traditur,
447 422 501 462 ita
532 420 686 475 optime
717 423 856 459 tuetur
886 418 1066 468 inversa,
1106 429 1214 470 quac
1244 416 1413 467 dicitur,
1453 418 1698 460 attractione
1729 431 1910 461 casuum.
1969 419 2163 476 Denique
2194 435 2231 463 v.
2262 421 2345 464 384
2375 437 2519 467 omnes

213 494 372 543 praeter
402 487 440 527 A
469 485 628 526 codices
659 483 813 524 habent
844 479 1029 533 ἴσχονται
1065 495 1138 536 pro
1171 477 1369 531 ἴσχοντες.

379 550 426 590 In
471 550 532 590 his
563 548 748 589 versibus
789 548 966 602 primum
1006 547 1222 587 haeremus
1252 546 1294 586 in
1325 546 1499 589 disticho
1531 546 1720 600 381—2‚
1765 549 1877 605 quod
1905 550 1959 591 ab
1990 550 2068 593 hoc
2098 552 2187 594 loco
2217 553 2398 595 alienum
2430 567 2520 596 esse

211 630 350 657 omnes
382 615 457 655 viri
487 614 593 655 docti
626 612 830 654 viderunt.
889 612 943 653 Et
974 613 1180 654 Hermann
1210 611 1377 665 quidem
1408 612 1450 654 id
1481 619 1575 668 post
1606 629 1642 655 v.
1674 613 1756 657 378
1787 616 2000 670 transponi
2030 617 2171 669 voluit,
2202 631 2325 673 quem
2357 620 2518 663 Alit-ens

211 688 249 722 et
279 682 460 733 Πανικῆς]
498 678 625 719 secuti
665 683 771 719 sunt.
831 677 912 719 Sed
951 678 1101 718 rectius
1134 678 1348 730 Emperius
1388 678 1462 719 hos
1492 692 1635 721 versus
1670 685 1716 721 ut
1752 679 2032 722 adventicium
2071 681 2400 725 additamentum
2431 684 2519 726 sive

211 746 422 798 glossema,
453 743 560 798 quod
594 756 787 783 versuum
818 742 1170 783 continuationem
1201 741 1418 795 disturbat,
1452 745 1759 787 exterminavit.

377 817 455 858 Sed
487 818 543 857 ita
565 830 707 858 versus
738 815 919 857 nondum
949 828 1117 869 prorsus
1146 815 1279 856 sanati
1300 815 1505 860 videntur.
1556 817 1664 860 Nam
1694 832 1833 860 nonne
1854 819 2003 860 mirum
2025 819 2201 875 videtur,
2232 822 2344 877 quod
2365 837 2403 864 v.
2426 822 2511 865 379

212 884 333 938 priori
365 882 621 923 substantivo
653 880 900 936 praepositio
932 877 1019 926 ἐπί,
1052 879 1171 920 alteri
1202 875 1314 934 πρός
1342 880 1520 934 additur,
1550 881 1676 937 idque
1706 896 1754 925 eo
1785 884 1928 938 magia
1961 883 2071 939 quod
2101 884 2187 926 OK
2217 886 2342 928 etiam
2372 891 2516 929 contra

210 955 382 988 metrum
413 947 550 1001 priore
581 959 743 1000 quoque
774 946 860 986 loco
892 941 1004 1001 πρός
1034 944 1190 986 habent
1219 949 1346 1000 atque
1367 947 1406 987 A
1428 947 1518 1001 ipse
1548 947 1637 988 sine
1665 950 1925 1004 separatione
1955 947 2306 1007 ἕπισωφροσύνη,
2339 957 2385 994 ut
2415 952 2517 994 illud

211 1028 287 1062 ,τις
315 1011 432 1052 facile
463 1025 515 1052 ex
546 1007 658 1066 πρός
686 1011 890 1065 corrumpi
920 1010 1131 1065 potuerit?
1181 1010 1364 1063 Accedit,
1396 1011 1506 1067 quod
1537 1012 1579 1053 hi
1609 1026 1752 1055 versus
1782 1028 1928 1069 parum
1958 1019 2068 1070 apte,
2099 1019 2145 1056 ut
2175 1016 2301 1071 vulgo
2331 1017 2388 1071 fit,
2419 1030 2513 1058 cum

209 1076 546 1119 antecedentibus
577 1077 823 1130 iunguntur,
868 1089 961 1116 cum
990 1075 1060 1116 illa
1090 1075 1350 1118 substantiva
1379 1071 1539 1133 ἄνδρας
1568 1072 1770 1135 ἂλιτρούς
1798 1083 1839 1121 et
1867 1078 1942 1121 τὸν
1971 1077 2144 1123 δίκαιον
2173 1085 2216 1122 et
2243 1094 2317 1136 per
2347 1095 2392 1124 se
2420 1096 2515 1138 per-

209 1143 347 1197 spicua
391 1142 472 1182 sint
517 1145 557 1182 et
598 1145 636 1183 si
674 1154 698 1181 a
736 1146 859 1195 poeta
896 1141 1222 1196 explicarentur,
1266 1148 1377 1183 certe
1416 1144 1536 1185 aliter
1574 1144 1894 1198 explicarentur.
1957 1145 2107 1187 Nonne
2137 1147 2268 1188 multo
2297 1147 2434 1202 aptius
2463 1147 2516 1188 ad

207 1207 439 1261 sequentia:
468 1203 609 1261 ἒμπης
638 1205 672 1246 δ’
702 1199 831 1257 ὄλβον
860 1201 1002 1256 ε”χουσι
1037 1205 1125 1246 κτλ.
1158 1206 1418 1261 referuntur,
1449 1221 1555 1263 quae
1586 1209 1814 1250 necessario
1846 1210 2048 1252 eiusmodi
2078 1211 2273 1266 prodosin
2302 1211 2516 1267 requirere

209 1272 430 1313 videntur?
488 1273 628 1326 Atque
658 1272 715 1312 ita
744 1271 922 1325 iungunt
951 1272 1074 1312 etiam
1108 1273 1315 1314 Hermann
1346 1278 1387 1313 et
1418 1274 1612 1327 Hartuny.

374 1345 454 1386 Sed
495 1345 616 1386 etiam
656 1346 713 1385 ita
753 1345 852 1386 satis
891 1345 1020 1385 multa
1050 1349 1226 1397 restant,
1267 1347 1309 1387 in
1349 1346 1500 1402 quibus
1535 1347 1807 1390 offendamur.
1866 1348 2051 1390 Primum
2083 1350 2193 1391 enim
2224 1355 2347 1405 poeta
2378 1351 2514 1392 dicere

209 1411 366 1465 nequit:
410 1410 639 1462 „homines,
668 1411 754 1451 sive
785 1409 882 1450 boni
911 1413 998 1452 sive
1027 1410 1125 1450 mali
1156 1414 1272 1462 sunt,
1310 1416 1447 1455 tamen
1477 1413 1642 1455 divitias
1672 1414 1868 1467 habent“‚
1898 1415 1970 1457 sed
1998 1417 2156 1471 potius:
2200 1421 2390 1468 „etiamsi
2419 1417 2516 1459 mali

207 1480 320 1528 sunt,
365 1481 500 1518 tamen
539 1475 702 1516 divitias
739 1475 944 1529 habent“;
989 1475 1029 1516 id
1071 1475 1182 1530 quod
1220 1476 1320 1530 ipsis
1357 1479 1629 1533 sequentibus
1666 1479 1822 1521 verbis:
1866 1478 1934 1523 τοὶ
1979 1479 2015 1522 δ’
2059 1477 2148 1523 ἀπὸ
2192 1481 2345 1524 δειλῶν
2381 1478 2515 1539 ἔργων

207 1537 394 1592 ἴσχοιτες
432 1539 572 1592 θυμὸν
609 1538 727 1592 ὅμως
756 1538 907 1595 πενίην
935 1537 1110 1594 ἔλαβον,
1150 1554 1257 1596 quae
1288 1542 1454 1597 quidem
1483 1543 1563 1586 illis
1594 1549 1873 1599 opponuntur,
1902 1550 2046 1601 aperte
2075 1547 2292 1589 indicatur.
2351 1547 2515 1589 Deinde

207 1620 259 1647 ne
280 1620 317 1647 v.
338 1605 420 1647 380
449 1606 615 1661 quidem
646 1607 743 1647 ferri
774 1611 921 1661 potest,
953 1606 1107 1661 quippe
1138 1607 1208 1661 qui
1238 1606 1291 1647 ad
1311 1620 1438 1650 unum
1457 1609 1765 1651 substantivum
1786 1607 1922 1666 ὕβριν,
1954 1624 2038 1652 non
2057 1611 2110 1652 ad
2131 1613 2211 1654 duo
2231 1608 2514 1668 σωφροσύνην

206 1677 246 1713 et
275 1669 397 1727 ὓβριν
427 1672 636 1713 referatur.
698 1672 898 1719 Quocirco
929 1686 1011 1713 non
1042 1672 1132 1713 sine
1162 1685 1286 1713 causa
1314 1674 1474 1716 Akrens
1502 1678 1597 1729 post
1626 1690 1663 1716 v.
1695 1673 1777 1718 379
1816 1676 1940 1729 plene
1969 1677 2245 1731 interpungit,
2275 1691 2397 1719 versu
2428 1677 2514 1720 380

205 1737 404 1779 scribens:
445 1731 677 1794 ἅνθρωποι
713 1760 765 1766 ——
796 1733 1059 1790 πειθόμενοι
1102 1742 1143 1778 et
1173 1752 1211 1778 v.
1241 1737 1347 1780 383:
1392 1735 1536 1795 ἔμπης
1565 1734 1696 1793 ὄλβον
1726 1737 1918 1792 ἔχουσιν,
1959 1755 2066 1796 quae
2095 1745 2235 1784 tamen
2263 1743 2511 1795 coniectura,

204 1803 440 1858 ceteroquin
469 1803 568 1844 satis
599 1804 801 1855 violenta,
837 1803 878 1844 id
909 1803 1168 1858 potissimum
1199 1803 1328 1845 habet
1359 1804 1571 1860 vituperii,
1609 1805 1717 1860 quod
1749 1805 1853 1847 illud
1883 1799 1932 1863 ἤν
1959 1821 2005 1850 τε
2037 1805 2125 1846 κτλ,
2159 1820 2184 1848 a
2212 1807 2400 1849 versibus
2429 1805 2511 1850 383

204 1882 263 1923 sq.
294 1868 460 1910 dirimit.

372 1941 487 1989 Quae
517 1955 609 1982 cum
638 1943 696 1983 ita
725 1942 819 1994 sint,
850 1941 1042 1996 equidem
1073 1946 1174 1997 puto
1207 1942 1472 1984 scribendum
1503 1957 1612 1985 esse:

695 2009 743 2056 ἵν
772 2030 817 2055 τε
848 2013 962 2071 πρὸς
990 2011 1237 2073 ἀφροσύνην
1267 2018 1443 2074 τρεφθῇ
1473 2013 1573 2068 νόος
1602 2011 1651 2073 ἢν
1680 2033 1725 2059 τε
1756 2015 1868 2075 πρὸς
1895 2015 2020 2076 ὕβριν

805 2076 1056 2138 ἀνθρώπιον
1090 2077 1263 2132 ἀδίκοις
1290 2078 1473 2138 ἔργμασι
1505 2082 1795 2137 πειθομένων,

692 2144 835 2203 ἔμπης
865 2148 901 2189 δ’
933 2143 1062 2201 ὄλβον
1091 2145 1260 2200 ἔχουσιν
1291 2150 1394 2198 κτλ.,

203 2235 283 2277 quo
314 2236 396 2263 non
426 2222 558 2263 solum
588 2235 730 2264 omnes
760 2222 1022 2264 difficultates
1052 2227 1332 2276 removentur,
1362 2222 1434 2265 sed
1465 2223 1588 2264 etiam
1617 2222 1817 2264 librorum
1846 2222 2074 2277 scripturae
2094 2222 2249 2277 optime
2269 2221 2511 2264 consulitur.

201 2287 299 2329 Jam
329 2288 437 2328 enim
468 2291 562 2343 post
590 2302 629 2329 v.
660 2286 743 2330 378
772 2288 890 2343 signo
921 2289 1258 2344 interrogationis
1296 2289 1431 2345 posito
1462 2291 1504 2329 et
1533 2288 1721 2329 versibus
1751 2286 1949 2330 379—80
1978 2300 2072 2329 cum
2102 2302 2139 2329 v.
2172 2287 2255 2330 383
2285 2286 2512 2329 coniunctis

201 2352 267 2394 hic
307 2353 444 2394 evadit
482 2366 645 2395 sensus:
684 2357 798 2406 „sive
836 2357 999 2396 animus
1039 2356 1094 2396 ad
1122 2355 1340 2397 stultitiam
1369 2358 1456 2397 sive
1485 2355 1540 2396 ad
1569 2354 1801 2407 superbiam
1830 2366 1875 2395 se
1903 2357 2101 2396 convertit
2130 2355 2337 2396 hominum
2365 2356 2511 2396 iniust-

200 2433 332 2473 orum,
372 2425 508 2463 tamen
547 2422 713 2464 divitias
750 2421 924 2464 habent“
957 2425 1034 2464 etc.
1101 2421 1166 2462 Ita
1204 2422 1328 2462 etiam
1371 2436 1409 2462 v.
1439 2418 1524 2462 380
1560 2419 1667 2460 bene
1701 2433 1745 2460 se
1781 2419 1926 2472 habet,
1963 2422 2005 2460 et
2034 2433 2100 2460 vv.
2132 2417 2214 2461 383
2254 2432 2315 2473 sq.
2354 2417 2509 2473 optime

199 2485 538 2526 antecedentibus
569 2489 847 2541 opponuntur.
906 2486 1099 2528 Ceterum
1131 2486 1183 2528 de
1212 2486 1424 2542 particulis
1456 2480 1505 2542 ἤν
1533 2500 1580 2526 τε
1610 2507 1664 2513 -
1698 2478 1747 2541 ἦν
1775 2499 1821 2525 τε
1851 2484 1901 2527 cf.
1930 2483 2072 2538 Viger.
2103 2498 2142 2539 p.
2174 2482 2268 2527 517.

369 2559 534 2611 Restat,
573 2563 619 2600 ut
655 2572 895 2600 moneamus
936 2561 980 2601 in
1010 2559 1200 2601 versibus
1237 2560 1509 2614 sequentibus
1538 2573 1632 2600 cum
1663 2561 1701 2599 A
1734 2555 1922 2610 ἴσχοντες
1950 2562 1992 2599 et
2020 2555 2074 2598 τὰ
2104 2555 2255 2599 δίκαια
2285 2555 2509 2612 φιλεῦντες

198 2625 422 2679 legendum
453 2638 554 2667 esse.
613 2624 721 2665 Nam
751 2639 893 2666 sensus
923 2626 988 2666 hic
1019 2629 1100 2678 est,
1138 2629 1184 2666 ut
1213 2625 1373 2667 dicatur
1403 2639 1491 2677 eos,
1523 2625 1593 2679 qui
1623 2638 1647 2665 a
1676 2625 1794 2665 malis
1825 2624 1950 2666 rebus
1979 2623 2232 2676 abstineant,
2261 2625 2401 2664 tamen
2433 2621 2506 2675 (sc.

199 2691 276 2732 etsi
313 2691 415 2732 nihil
457 2691 554 2732 mali
592 2690 766 2743 faciunt,
810 2691 920 2745 quod
958 2692 1066 2733 inest
1102 2691 1146 2732 in
1177 2691 1332 2733 verbis:
1377 2686 1466 2733 ἀπὸ
1506 2689 1661 2731 δειλῶν
1689 2685 1824 2745 ἔργων
1852 2686 1994 2742 θυμὸν
2023 2686 2228 2741 ἴσχοντες)
2258 2691 2505 2743 paupertate

198 2757 343 2812 premi.
400 2756 466 2798 De
503 2756 578 2798 hoc
615 2757 841 2812 particulae
876 2753 995 2807 ὅμως
1036 2771 1115 2798 usu
1152 2757 1202 2798 cf.
1231 2756 1374 2811 Viger.
1417 2771 1457 2812 p.
1485 2755 1587 2808 428,
1625 2756 1695 2810 qui
1725 2771 1759 2798 e.
1789 2770 1828 2810 g.
1858 2755 2026 2797 Lucian.
2058 2755 2151 2796 adv.
2179 2752 2330 2795 indoct.
2362 2753 2410 2794 Τ.
2440 2751 2506 2794 ΠΙ

198 2836 240 2878 p.
270 2822 351 2864 115
389 2822 548 2875 laudat,
587 2822 659 2863 ubi
696 2822 867 2877 legitur:
914 2821 977 2871 εἰς
1017 2821 1071 2865 τὰ
1108 2821 1242 2878 μηδέν
1271 2836 1343 2864 σοι
1372 2818 1584 2879 χρήσιμον
1623 2818 1741 2874 ὅμως
1771 2820 1847 2876 (sc.
1882 2821 1959 2862 etsi
1997 2820 2072 2861 tibi
2102 2819 2204 2860 nihil
2235 2818 2427 2874 prosunt)
2457 2816 2506 2860 ἐκ

200 2887 366 2945 πολλῆς
395 2889 470 2944 τῆς
501 2886 759 2944 περιουσίας
788 2884 1048 2938 ἀναλίσκεις.
1100 2888 1181 2930 His
1210 2893 1334 2944 poeta
1354 2888 1491 2930 verbis
1517 2889 1785 2930 asseveranda·
1803 2899 1926 2928 causa
1946 2885 2016 2927 illa
2034 2882 2088 2927 τὰ
2109 2881 2261 2926 δίκαια
2283 2883 2507 2939 φιλεῦντας

200 2958 355 2997 maiore
384 2956 559 3007 quadam
587 2958 628 2996 vi
647 2955 861 3008 subiunyit,
893 2959 939 2995 ut
969 2955 1071 2996 haec
1101 2955 1214 2995 notio
1233 2957 1413 2997 maxime
1433 2951 1638 3006 efferatur.
1686 2952 1834 3008 Itaque
1853 2951 1991 2994 omnia
2011 2951 2166 3006 optime
2186 2949 2427 3005 procedunt.
2450 2970 2504 2979 -

369 3028 569 3069 Versibus
606 3027 690 3071 469
720 3043 777 3084 sq.
815 3032 1035 3084 praecepta
1074 3029 1271 3083 leguntur
1307 3027 1360 3070 de
1389 3026 1590 3069 conviviis
1618 3029 1730 3067 recte
1757 3025 1940 3081 agendis.
1998 3023 2054 3066 Et
2082 3039 2120 3066 v.
2149 3023 2234 3067 475
2266 3026 2389 3079 poeta
2417 3033 2504 3063 sec-

199 3095 356 3138 undum
387 3094 427 3135 A
455 3095 512 3135 ita
541 3095 695 3149 pergit:

741 3155 875 3216 αὐτὰρ
905 3156 989 3214 ἐγώ
1021 3183 1073 3188 -
1103 3157 1260 3216 μέτρον
1289 3154 1370 3216 γᾶρ
1399 3154 1481 3210 ἔχω
1509 3155 1742 3212 μελιηδέος
1770 3153 1888 3198 οἴνου
1920 3178 1972 3185 -

855 3222 993 3268 ὕπνου
1023 3221 1260 3267 λυσικάκου
1287 3220 1508 3281 μνήσομαι
1538 3219 1677 3265 οἴκαδ’
1709 3218 1799 3270 ἰών,

743 3288 829 3347 ἥξω
861 3290 912 3338 δ’,
945 3287 1003 3340 ὡς
1033 3285 1150 3340 οἶνος
1175 3288 1460 3348 χαριέστατος
1489 3283 1613 3344 ἀνδρὶ
1642 3284 1889 3329 πεπόσθαι.

852 3351 950 3398 οὔτε
979 3371 1021 3398 τι
1052 3353 1134 3412 γὰρ
1163 3353 1288 3412 νήφω
1319 3348 1417 3396 οὔτε
1447 3350 1544 3408 λίην
1570 3349 1745 3406 μεθύω;

197 3421 271 3464 sed
301 3436 338 3463 v.
359 3420 442 3464 475
465 3420 502 3462 Ο
532 3421 670 3463 omisit
698 3417 790 3478 γάρ,
814 3421 858 3462 Κ
887 3421 1013 3463 habet
1042 3419 1200 3478 μέτρον
1227 3436 1274 3476 γε
1302 3415 1405 3472 ἔχως
1435 3417 1587 3461 deinde
1615 3433 1654 3459 v.
1674 3417 1758 3461 477
1779 3416 1862 3460 OG
1883 3415 2085 3458 exhibent
2104 3410 2246 3463 δείξω,
2269 3413 2503 3455 Athenaeus

198 3492 349 3542 autem,
380 3487 451 3543 qui
480 3486 551 3529 lib.
579 3486 622 3527 X
651 3500 692 3542 p.
720 3485 804 3529 428
820 3486 846 3527 d
876 3486 951 3529 hos
981 3499 1125 3528 versus
1153 3486 1306 3540 laudat,
1338 3482 1451 3542 ἥκω;
1481 3498 1519 3526 v.
1548 3482 1632 3526 478
1662 3483 1842 3538 denique
1863 3480 1950 3524 OK
1980 3485 2022 3522 et
2050 3478 2197 3534 reliqui
2227 3477 2314 3519 fere
2344 3489 2499 3530 omnes,
