2704 3906
1272 231 1528 275 -9-

217 371 380 414 Astreus
409 367 592 423 denique
620 364 858 420 suspicatur
888 362 1158 406 scribendum
1189 375 1298 404 esse:
1329 356 1420 403 οὐδ’
1449 356 1561 411 ἐτός,
1596 355 1656 411 ὡς
1686 357 1777 404 αἰεὶ
1808 375 1856 401 π.
1891 376 1932 403 α.
1994 360 2056 404 At
2085 362 2191 405 illud
2222 358 2314 405 οὐδ’
2345 358 2459 415 ἐτός,
2492 364 2518 408 i.
2550 379 2586 412 e,

219 449 295 480 nee
325 440 486 488 temere,
517 445 593 476 nee
623 436 714 476 sine
745 444 886 485 eausa,
918 431 959 474 h.
992 431 1016 474 l.
1048 443 1134 472 non
1173 429 1395 471 ferendum
1427 433 1503 471 est.
1561 428 1672 471 Nam
1712 429 1897 485 primum
1938 424 2019 471 οὐκ
2050 425 2151 480 ἐτός
2181 430 2453 473 scribendum
2484 435 2588 486 erat,

219 516 314 546 cum
356 515 406 544 ea
445 499 662 543 sollemnis
701 498 755 540 sit
796 498 948 541 horum
978 497 1206 539 verborum
1244 495 1359 551 apud
1391 495 1576 538 Graecos
1615 494 1808 537 formula.
1869 495 2036 538 Deinde
2067 510 2168 539 vero
2209 497 2313 540 haec
2343 498 2499 540 locutio
2531 511 2587 540 ex

219 567 383 624 vulgari
421 579 471 608 ac
513 565 758 622 quotidiano
799 565 1018 607 hominum
1057 575 1249 605 sermone
1286 561 1510 620 desumpta
1546 561 1601 604 ab
1643 561 1774 618 elegis
1812 561 2041 606 abhorrere
2071 564 2263 618 videtur3
2308 565 2480 622 propria
2522 568 2586 607 est

219 633 422 693 pedestris
462 633 663 675 orationis
702 636 743 674 et
778 631 1034 674 comoediae.
1096 628 1292 682 Accedit,
1339 630 1451 684 quod
1492 628 1746 671 locutionem
1785 623 1864 671 οὐκ
1904 625 2003 680 ἐτός
2042 645 2068 673 a
2107 631 2382 688 scriptoribus
2412 631 2586 675 Graecis

217 714 383 757 semper
414 700 474 742 ita
502 700 599 755 lego
631 699 732 753 dici,
763 704 810 741 ut
840 712 889 741 ea
919 700 1146 748 sententia,
1177 708 1281 750 quae
1312 694 1491 748 efficitur
1522 709 1575 739 ex
1607 697 1894 751 antecedente,
1934 697 2146 752 inferatur
2173 703 2249 740 aut
2278 698 2423 741 addita
2452 699 2586 755 parti-

218 767 312 810 cula
344 760 430 825 ὅρα
461 770 546 820 aut,
578 766 621 808 id
652 765 766 822 quod
797 765 965 822 saepius
994 763 1063 815 fit,
1095 762 1268 816 omissa,
1309 776 1526 820 nunquam
1558 776 1658 804 vero
1691 764 1821 818 nude,
1852 764 1877 805 i.
1908 777 1942 806 e.
1974 765 2065 806 sine
2095 765 2306 807 sententia
2335 769 2410 807 aut
2440 765 2584 820 verbo,

217 834 377 876 dictum
406 834 588 890 repperi.
648 834 794 888 Atque
823 832 916 888 ipsa
947 843 1032 883 res,
1075 842 1185 885 quae
1216 842 1270 870 ex
1300 830 1578 872 antecedente
1608 830 1819 872 sententia
1849 830 2045 885 efficitur,
2085 845 2136 873 ea
2167 845 2258 874 esse
2289 831 2413 886 solet,
2454 836 2502 874 ut
2533 837 2581 886 ei,

216 905 284 956 qui
313 903 531 955 concludit,
562 905 649 944 iam
680 904 807 943 antea
836 899 911 942 illa
940 898 1105 952 quidem
1135 901 1236 939 nota
1265 895 1401 956 fuerit,
1435 898 1509 940 sed
1538 901 1612 951 ita,
1642 901 1688 940 ut
1717 901 1808 940 eius
1837 909 2012 940 eausam
2041 910 2153 941 nune
2172 898 2337 941 demum
2356 899 2583 953 intellegat.

215 967 362 1010 Veluti
391 968 500 1011 Plat.
531 982 565 1010 r.
595 967 696 1024 pub.
727 963 795 1008 III
823 979 864 1022 p.
895 963 981 1006 414
992 977 1032 1006 e:
1083 958 1162 1005 οὐκ
1194 960 1312 1012 ἐτὸς,
1345 958 1447 1021 ἔφη,
1480 959 1625 1006 πάλαι
1652 959 1842 1023 ᾐσχύνου
1871 962 1921 1007 τὸ
1956 963 2126 1021 ψεῦδος
2155 962 2319 1020 λέγειν,
2358 969 2583 1022 postquam

214 1035 271 1089 is,
317 1035 372 1077 ad
411 1048 537 1091 quem
573 1033 677 1076 haec
706 1031 837 1075 verba
875 1030 1035 1073 directa
1064 1035 1182 1084 sunt,
1220 1044 1328 1083 rem,
1378 1044 1504 1087 quam
1536 1044 1735 1072 enarrare
1765 1044 1857 1072 sese
1887 1031 2024 1072 vereri
2053 1030 2239 1085 dixerat,
2284 1032 2455 1074 tandem
2487 1046 2582 1075 cum

214 1102 307 1144 aliis
340 1101 686 1155 communicavit3
716 1097 908 1141 similiter
929 1097 1202 1153 Aristophan.
1225 1096 1480 1153 Thesmoph.
1501 1096 1606 1141 921:
1637 1092 1717 1141 οὐκ
1747 1094 1846 1148 ἐτὸς
1876 1093 2022 1141 πάλαι
2041 1093 2337 1157 ᾗγυπτιάζετε
2368 1099 2579 1142 exclamat

214 1168 379 1222 mulier,
409 1182 504 1210 cum
536 1181 608 1210 eos
637 1167 747 1208 inter
777 1177 823 1206 se
853 1163 1064 1206 colludere
1095 1164 1308 1219 cognovit.
1339 1163 1439 1206 ibid.
1469 1164 1585 1206 Plut.
1616 1163 1747 1207 1166:
1786 1160 1866 1206 οὐκ
1897 1162 1997 1215 ἐτὸς
2027 1162 2221 1217 ἅπαντες
2250 1162 2294 1208 οἱ
2326 1162 2582 1218 δικάζοντες

213 1232 344 1288 θαμὰ
384 1233 647 1278 σπένδουσιν
691 1229 736 1275 ἒν
774 1230 963 1280 πολλοῖς
1002 1226 1259 1288 γεγράφθαι
1299 1226 1575 1287 γράμμασιν,
1621 1236 1846 1288 postquam
1889 1233 2136 1288 praecessit:
2182 1228 2242 1282 ὡς
2279 1227 2454 1288 ἀγαθόν
2494 1232 2581 1277 ἐστ’

215 1298 472 1355 ἐπωνυμίας
506 1298 675 1350 πολλὰς
708 1294 835 1351 ἔχειν.
899 1298 1075 1353 Lysistr.
1110 1297 1211 1341 138:
1257 1293 1336 1341 οὐκ
1377 1296 1476 1349 ἐτὸς
1512 1295 1589 1355 ἀφ’
1627 1295 1748 1356 ἡμῶν
1788 1296 1900 1342 εἰσιν
1941 1296 1988 1343 αἱ
2018 1297 2279 1358 τραγῳδίαι.
2342 1296 2470 1344 οὐδὲν
2499 1299 2582 1360 γάρ

216 1367 349 1421 ἐσμεν
379 1367 495 1426 πλὴν
522 1365 762 1410 Ποσειδῶν
792 1364 868 1407 καὶ
900 1361 1049 1422 σκάφη
1073 1366 1282 1407 exclamat
1302 1365 1551 1421 Lysistrata,
1575 1380 1694 1422 quae,
1717 1380 1812 1407 cum
1832 1366 2093 1421 mulieribus,
2114 1373 2162 1409 ut
2183 1368 2283 1410 viris
2305 1368 2583 1424 abstinerent,

214 1437 434 1490 suasisset,
478 1435 691 1491 repulsam
731 1433 840 1475 tulit.
908 1433 1032 1474 Plato
1070 1446 1101 1474 r.
1133 1432 1249 1488 publ.
1279 1432 1390 1474 VIII
1419 1448 1459 1489 p.
1491 1432 1594 1476 568:
1638 1428 1718 1474 οὒκ
1759 1430 1870 1483 ἐτὸς,
1912 1427 1964 1491 ἦν
2003 1433 2041 1475 δ’
2071 1431 2176 1490 ἐγώ,
2218 1431 2246 1491 ἥ
2275 1449 2322 1476 τε
2353 1433 2579 1492 τραγῳδία

214 1500 331 1554 ὅλως
360 1494 502 1559 σοφόν
532 1501 656 1543 δοκεῖ
686 1494 800 1542 εἶναι
835 1498 910 1543 καὶ
940 1495 964 1543 ὁ
997 1493 1246 1556 Εὐριπίδης
1268 1498 1494 1558 διαφέρων
1516 1498 1560 1542 ἐν
1583 1496 1714 1559 αὗτῇ;
1744 1514 1869 1542 causa
1900 1501 2012 1542 enim
2042 1502 2087 1543 in
2118 1502 2465 1545 antecedentibus
2495 1504 2581 1545 iam

213 1570 257 1613 in
296 1571 542 1612 universum
578 1568 812 1624 significata
853 1571 931 1610 est.
990 1566 1207 1622 Aristoph.
1238 1566 1350 1609 Plut.
1383 1567 1484 1610 404:
1525 1563 1604 1610 οὐκ
1644 1566 1742 1617 ἐτὸς
1779 1561 1848 1624 ἄρ’
1888 1563 1947 1617 ὡς
1985 1563 2051 1621 ἔμ’
2096 1562 2232 1626 ἦλθεν
2273 1564 2578 1620 οὐδεπώποτε,

215 1641 438 1694 postquam
468 1635 620 1678 mulier
649 1635 826 1677 Plutum
857 1647 1028 1676 caecum
1060 1646 1151 1675 esse
1181 1634 1398 1690 comperit.
1428 1635 1526 1677 ibid.
1559 1636 1702 1677 eccles.
1734 1633 1842 1677 246:
1892 1630 1971 1676 οὐκ
2002 1633 2100 1685 ἐτὸς
2130 1629 2211 1693 ἄρ’,
2246 1630 2281 1677 ὦ
2310 1634 2420 1690 μέλ’,
2456 1631 2579 1695 ἦσθα

218 1701 340 1761 δεινὴ
373 1701 449 1746 καὶ
480 1697 599 1759 σοφή
631 1702 840 1744 exclamat
869 1701 1033 1755 mulier,
1064 1715 1159 1742 cum
1190 1701 1353 1743 audivit
1373 1701 1676 1756 Praxagoram,
1710 1715 1818 1757 quae
1838 1701 1964 1742 modo
1987 1703 2204 1758 praeclara
2228 1704 2418 1746 oratione
2438 1704 2582 1747 habita

213 1785 360 1814 omnes
398 1770 586 1813 maxima
623 1767 902 1810 admiratione
932 1767 1154 1821 affecerat,
1193 1768 1361 1824 saepius
1392 1782 1487 1809 cum
1519 1769 1609 1810 viro
1641 1768 1684 1809 in
1715 1767 1982 1809 contionibus
2013 1768 2141 1810 fuisse
2172 1769 2317 1826 ibique
2348 1771 2581 1813 contionari

213 1838 418 1880 didicisse.
480 1836 578 1879 Jam
607 1849 707 1878 vero
739 1835 856 1877 vides
888 1834 1147 1890 Theognidis
1178 1835 1257 1877 loci
1288 1836 1495 1877 rationem
1525 1849 1697 1891 prorsus
1727 1835 1853 1876 aliam
1885 1849 1997 1888 esse3
2039 1835 2179 1890 potius
2211 1837 2323 1879 enim
2354 1838 2578 1880 dicendum

215 1910 320 1948 erat:
351 1900 395 1947 οἱ
425 1901 586 1947 πολλοὶ
616 1897 914 1960 ἅνολβότεροι.
978 1897 1058 1944 οὐκ
1089 1900 1187 1952 ἐτὸς
1217 1898 1344 1945 οἰδὲν
1376 1898 1554 1945 ἁνδάνει
1586 1897 1750 1951 αὐτοῖς.

388 1987 508 2037 Quae
537 2001 631 2030 cum
660 1988 720 2030 ita
750 1988 845 2041 sint,
878 1987 1073 2029 omnibus
1105 1987 1292 2029 virorum
1325 1987 1543 2028 doctorum
1576 1986 1826 2028 coniecturis
1856 1986 2018 2028 omissis
2049 2000 2074 2028 a
2104 1986 2246 2029 codice
2266 1987 2307 2029 A
2329 1988 2450 2030 nobis
2480 2002 2576 2045 pro-

214 2055 484 2098 ficiscendum
517 2059 593 2097 est.
642 2053 787 2110 Atque
808 2054 860 2107 A,
895 2058 942 2095 ut
973 2067 1100 2109 supra
1130 2053 1327 2107 diximus,
1358 2067 1527 2096 versum
1558 2053 1618 2094 ita
1639 2053 1840 2108 scriptum
1863 2053 2010 2095 habet:
2043 2048 2394 2103 ὡςδετοσωσαιεὶ
2415 2053 2578 2098 πολλοὶ

216 2117 515 2180 ἆνολβότεροι,
547 2122 592 2163 in
623 2134 705 2177 quo
736 2121 903 2175 integra
935 2120 1133 2162 videntur
1165 2120 1296 2162 verba
1328 2118 1417 2164 αἰεὶ
1440 2118 1602 2163 πολλοὶ
1625 2114 1928 2177 ἀνολβότεροι,
1963 2134 2142 2176 quorum
2173 2134 2320 2163 sensus
2342 2127 2422 2164 est:
2452 2122 2573 2178 plebs

218 2203 384 2246 semper
415 2188 603 2231 stolidior
639 2202 668 2230 s.
701 2187 853 2229 stolida
885 2192 959 2229 est.
1020 2187 1158 2236 Quam
1195 2189 1447 2230 sententiam
1485 2187 1519 2229 si
1559 2200 1654 2228 cum
1692 2200 1940 2242 praegressa
1978 2187 2299 2241 contulerimus,
2339 2189 2578 2231 videbimus

215 2271 286 2300 eas
324 2257 435 2298 inter
474 2269 520 2298 se
557 2255 667 2297 bene
697 2254 955 2296 consentire:
998 2253 1114 2310 plebi
1144 2254 1317 2296 consilia
1347 2256 1464 2297 nulla
1494 2253 1747 2310 probantur;
1791 2254 1912 2310 plebs
1945 2255 2072 2296 stulta
2104 2258 2167 2296 est
2186 2268 2374 2311 semper.
2436 2255 2578 2305 Quare

212 2330 316 2380 puto
359 2322 625 2365 scribendum
662 2335 771 2363 esse:
820 2316 880 2370 ὡς
921 2316 1089 2374 ἐτύμως
1129 2317 1219 2363 αἰεὶ
1259 2320 1421 2365 πολλοὶ
1458 2316 1772 2378 ἆνολβότεροι,
1818 2321 1845 2363 i.
1875 2334 1910 2362 e.
1942 2335 2069 2377 quam
2110 2335 2211 2363 vere
2248 2335 2414 2378 semper
2455 2322 2576 2379 plebs

212 2391 342 2433 stulta
373 2394 435 2432 est
465 2404 496 2432 s.
528 2403 654 2446 quam
686 2402 834 2431 verum
867 2393 930 2430 est
960 2388 1119 2430 dictum
1148 2387 1249 2430 illud
1283 2389 1453 2443 plebem
1484 2401 1650 2443 semper
1680 2387 1852 2429 stultam
1884 2388 1994 2429 esse!
2043 2387 2188 2444 Atque
2218 2403 2319 2431 usus
2349 2403 2573 2446 compara-

212 2458 290 2500 tivi
319 2471 396 2514 pro
427 2456 630 2513 positivo,
674 2457 710 2498 si
746 2455 1001 2498 adiectivum
1039 2456 1198 2498 maiore
1236 2456 1417 2512 quadam
1448 2455 1490 2497 vi
1530 2454 1725 2508 effertur,
1771 2467 1827 2495 ex
1857 2453 2045 2496 Homero
2086 2454 2327 2497 notissimus
2367 2460 2442 2499 est.
2502 2455 2573 2498 Ad

214 2524 467 2567 sententiam
495 2523 630 2580 ipsam
659 2523 708 2566 cf.
740 2539 779 2566 V.
811 2522 897 2566 232
927 2528 970 2566 et
1000 2522 1103 2578 847,
1143 2523 1218 2565 ubi
1247 2523 1368 2579 plebs
1402 2517 1653 2579 κενεόφρων
1683 2523 1878 2574 vocatur3
1918 2520 2119 2562 simillimi
2150 2534 2253 2563 vero
2284 2522 2349 2564 his
2380 2522 2573 2564 versibus

216 2595 313 2633 sunt
341 2605 409 2633 vv.
432 2588 515 2634 367
546 2604 618 2646 sq.,
656 2590 729 2632 ubi
761 2590 887 2632 etiam
918 2589 1089 2633 dicitur:
1126 2592 1369 2643 μιμεῖσθαι
1401 2588 1437 2632 δ’
1469 2585 1616 2640 οὐδεὶς
1644 2588 1730 2629 τῶν
1763 2582 1949 2643 ἅσόφων
1979 2583 2176 2637 δύναται,
2227 2588 2456 2631 Praeterea
2477 2588 2574 2631 vide

216 2671 285 2699 vv.
315 2656 369 2700 35
399 2671 477 2713 sq„
520 2656 604 2700 149
634 2671 715 2713 sq.,
756 2656 840 2700 319
873 2671 952 2713 sq.,
990 2655 1076 2701 393
1107 2672 1188 2714 sq.,
1217 2656 1302 2701 429
1334 2672 1413 2713 sq.,
1447 2656 1530 2700 635
1562 2671 1640 2712 sq.,
1673 2654 1756 2698 683
1786 2669 1865 2710 sq.,
1898 2653 2010 2697 1025
2042 2670 2121 2711 sq.,
2154 2653 2373 2699 1183—4:
2419 2656 2573 2712 quibus

217 2723 408 2766 omnibus
435 2723 538 2766 locis
567 2723 736 2780 plebem
766 2726 907 2765 rectae
936 2723 1110 2766 rationis
1141 2724 1476 2781 prudentiaeque
1508 2728 1729 2780 expertem
1761 2735 1852 2764 esse
1883 2723 2045 2765 dicitur.

388 2807 585 2851 Ceterum
623 2808 699 2851 hos
731 2822 877 2851 versus
917 2822 1012 2850 cum
1050 2809 1402 2851 antecedentibus
1441 2807 1757 2863 coniungendos
1789 2806 1997 2850 existimo.
2055 2805 2166 2847 Nam
2196 2806 2304 2847 ratio
2335 2805 2460 2848 huius
2491 2806 2571 2848 loci

217 2873 321 2916 mihi
351 2873 455 2917 haec
483 2874 652 2916 videtur
683 2888 794 2929 esse,
836 2879 883 2917 ut
923 2879 1048 2932 poeta
1077 2876 1283 2929 amicum,
1323 2876 1396 2931 qui
1426 2875 1540 2932 plebi
1571 2874 1695 2916 fidem
1726 2873 1948 2916 habiturus
1979 2887 2027 2915 ac
2058 2886 2257 2915 suasurus
2288 2877 2371 2927 est,
2408 2872 2462 2914 ab
2493 2872 2572 2915 hac

215 2953 262 2982 re
291 2944 480 2982 revocet:
524 2940 638 2994 plebi
676 2942 735 2984 ait
774 2955 858 2984 non
899 2955 990 2984 esse
1030 2942 1304 2997 credendum,
1352 2955 1405 2984 ne
1434 2941 1591 2983 iuranti
1621 2940 1812 2997 quidem,
1856 2954 1952 2981 cum
1984 2939 2125 2981 omnia
2155 2940 2328 2981 consilia
2358 2940 2570 2996 vituperet

215 3005 593 3063 reprehendatque.
653 3007 738 3051 Sed
769 3009 847 3050 hac
877 3021 922 3050 re
954 3014 1183 3052 memorata
1214 3024 1309 3052 cum
1339 3014 1489 3066 poetae
1521 3008 1615 3050 bilis
1646 3008 1785 3050 denuo
1816 3011 2055 3060 moveatur,
2086 3020 2182 3048 cum
2211 3007 2274 3048 ira
2304 3010 2347 3048 et
2376 3006 2567 3062 indigna-

215 3073 331 3116 tione
362 3073 590 3116 exclamat:
1429 3071 1432 3074 ’

892 3137 951 3191 ὡς
981 3137 1149 3196 ἐτύμως
1179 3141 1269 3186 αἰεὶ
1302 3141 1461 3185 πολλοὶ
1492 3137 1802 3199 ἅνολβότεροιέ
1834 3163 1889 3169 -

391 3222 597 3266 Versibus
627 3222 710 3267 295
743 3239 803 3281 sq.
836 3225 961 3267 homo
993 3225 1150 3282 loquax
1180 3227 1269 3269 sive
1298 3228 1507 3283 parasitus
1538 3226 1807 3269 describitur:

828 3299 997 3358 κωτίλῳ
1029 3296 1257 3360 ἀνθρώπῳ
1289 3304 1415 3359 σιγᾶν
1441 3299 1757 3356 χαλεπώτατον
1787 3295 1939 3354 ἔχθος,

909 3365 1212 3426 φθεγγόμενος
1243 3369 1279 3413 δ’
1311 3366 1464 3428 ἀδαής,
1497 3364 1589 3415 οἷσι
1620 3371 1757 3429 παρῇ,
1789 3367 1969 3422 μέλεται

826 3433 1090 3494 ἐχθαίρουσι
1121 3436 1169 3479 δὲ
1201 3434 1362 3488 πάντες
1392 3437 1481 3479 κτλ.

2307 3501 2334 3544 (0
