2704 3906
1265 248 1522 292 —5—

212 390 407 420 concesso
447 377 538 419 fieri
577 391 662 418 non
702 380 860 433 potest,
903 378 1005 433 quin
1036 377 1216 418 verbum
1247 373 1426 433 φεύγειν
1455 378 1606 420 vitium
1636 379 1906 420 contraxerit.
1966 379 2024 422 Et
2052 378 2200 435 Bergk
2230 379 2402 436 quidem
2430 380 2570 422 locum

212 444 271 485 ita
305 456 453 485 sanare
491 448 685 496 conatur,
723 447 771 484 ut
809 457 885 499 pro
916 444 1046 486 verbo
1087 439 1267 499 φεύγειν
1300 443 1556 486 infinitivum
1598 443 1786 486 doricum
1818 444 1979 501 φεῦγεν
2008 461 2038 490 s.
2071 442 2230 502 φεύγεν
2260 446 2429 488 scribat.
2489 445 2575 488 Sed

211 509 316 551 mihi
344 510 483 566 potius
514 509 692 551 verbum
724 506 903 566 φεύγειν
938 512 1144 564 glossema
1173 511 1288 554 verbi
1316 509 1500 569 τρέσσαι
1530 510 1711 565 videtur,
1743 515 1790 552 ut
1819 512 2053 568 antiquitus
2083 511 2267 571 τρέσσαι
2300 508 2572 570 ἀπωσαμένη

213 577 413 632 scriptum
443 575 581 618 fuerit.
640 576 710 618 Ad
746 577 825 618 hoc
854 577 1065 632 glossema
1104 576 1148 618 cf
1174 575 1328 619 Suidas
1358 592 1387 620 s.
1420 592 1458 619 v.
1489 575 1674 635 τρέσσαι
1695 593 1704 620 :
1725 576 1885 636 τρέσας
1915 573 2011 621 ἀντὶ
2040 581 2120 622 τοῦ
2150 576 2301 636 φυγών
2330 603 2387 611 -
2417 577 2574 637 τρέσαι

213 643 260 696 (l.
289 640 491 700 τρέσσαι)
523 642 560 684 δ’
591 637 740 686 οὐκέτι
770 641 918 700 ῥίμφα
950 641 1087 701 φέρον
1117 638 1257 694 πόδες
1277 643 1344 697 (ΙΙ.
1368 643 1435 698 13,
1459 643 1560 698 515)
1593 639 1690 688 ἀντὶ
1719 646 1800 689 τοῦ
1831 649 1996 702 φυγεῖν.
2050 647 2270 690 Eiusmodi
2291 662 2391 690 vero
2413 648 2575 703 glosse-

212 713 325 750 mata
355 710 522 765 saepius
554 710 685 751 verba
717 711 904 765 genuina
933 711 1023 752 loco
1053 710 1236 751 movisse
1265 710 1376 751 inter
1407 725 1552 753 omnes
1583 716 1759 754 constat.
1791 734 1846 742 —-

385 776 592 819 Versibus
623 776 706 821 261
731 792 792 834 sq,
821 777 990 819 initium
1022 776 1178 830 erotici,
1211 777 1323 832 quod
1354 777 1520 832 dicitur,
1551 779 1748 821 carminis
1778 783 1930 833 exstat,
1962 780 2074 836 quod
2105 781 2149 822 in
2179 781 2298 823 libris
2318 781 2377 822 sic
2397 780 2574 836 legitur:

796 837 849 887 0³15
876 859 958 894 μοι
990 840 1171 885 πίνεται
1202 837 1333 893 οἶνος,
1367 842 1469 886 ἐπεὶ
1499 842 1624 902 παρὰ
1654 843 1789 887 παιδὶ
1818 843 1990 904 τερείνῃ

939 904 1072 961 ἄλλος
1103 906 1212 968 ἀνὴρ
1243 908 1418 963 κατέχει
1448 909 1620 955 πολλὸν
1650 910 1759 966 ἐμοῦ
1789 909 1967 954 κακίων.

795 973 968 1034 ψυχρόν
996 993 1076 1030 μοι
1107 975 1232 1035 παρὰ
1261 977 1369 1036 τῇδε
1399 975 1527 1034 φίλοι
1558 975 1738 1021 πίνουσι
1767 980 1937 1037 τοκῆες,

936 1041 996 1094 ὥς
1026 1043 1074 1085 θ’
1106 1041 1199 1098 ἅμα
1228 1045 1276 1086 θ’
1305 1040 1483 1102 ὑδρεύει
1512 1043 1590 1088 καί
1617 1060 1674 1099 με
1702 1047 1854 1102 γοῶσα
1886 1045 2030 1105 φέρει.

798 1105 912 1152 ἔνθα
941 1109 1082 1167 μέσην
1111 1109 1218 1168 περὶ
1248 1110 1392 1153 παῖδα
1422 1110 1572 1166 βαλών
1604 1107 1760 1168 ἀγκῶν’
1792 1109 1986 1170 ἐφίλησα

932 1174 1095 1235 δείρην,
1131 1174 1156 1236 ἦ
1190 1177 1239 1221 δὲ
1269 1176 1392 1235 τέρεν
1424 1177 1632 1235 φθέγγετ’
1663 1174 1756 1222 ἀπὸ
1789 1175 2021 1233 στόματος,

213 1241 287 1297 (1111
317 1255 463 1284 versus
493 1242 606 1284 viros
644 1241 789 1284 doctos
826 1257 1087 1300 magnopere
1129 1250 1424 1287 exercuerunt.
1484 1246 1540 1288 Et
1579 1246 1762 1303 primum
1794 1247 1965 1302 quidem
1997 1245 2204 1288 distichon
2235 1247 2449 1301 integrum
2481 1259 2574 1288 esse

213 1308 392 1351 videtur.
451 1309 562 1351 Nam
592 1309 706 1365 quod
737 1311 1003 1354 Hermannus
1035 1316 1077 1353 et
1107 1312 1331 1365 Hertzbery
1362 1317 1404 1353 et
1436 1314 1656 1366 Emperius
1686 1313 1731 1354 in
1762 1314 1894 1356 verbo
1926 1311 2099 1365 κατέχει
2130 1313 2375 1367 haeserunt,
2416 1313 2459 1354 id
2490 1327 2573 1369 quo

212 1375 306 1417 iure
344 1376 519 1418 fecerint
557 1376 639 1432 ipsi
669 1377 853 1420 videant.
912 1378 1024 1420 Nam
1052 1379 1232 1421 verbum
1264 1376 1480 1432 κατέχειν,
1514 1379 1627 1435 (111οδ
1656 1380 1828 1435 proprie
1853 1385 2127 1434 „occupatum
2158 1379 2326 1422 tenere“
2353 1380 2572 1434 significat,

213 1443 338 1484 etiam
368 1446 644 1496 intransitive,
675 1443 702 1486 i.
738 1458 770 1486 e.
803 1445 893 1486 sine
924 1445 1107 1499 obiecto,
1139 1446 1337 1501 usurpari
1366 1450 1541 1500 constat,
1572 1446 1700 1502 idque
1731 1448 1886 1499 duplici
1915 1446 2236 1502 significatione.
2294 1446 2573 1488 Notissimum

213 1513 276 1550 est
307 1509 420 1550 enim
449 1509 554 1551 illud
585 1505 609 1551 ὁ
639 1506 770 1566 λόγος
803 1510 998 1567 κατέχει;
1030 1512 1222 1554 similiter
1252 1512 1442 1568 Euripid.
1465 1512 1640 1569 Hippol.
1661 1511 1798 1555 1466:
1827 1514 1913 1554 τῶν
1944 1510 2025 1570 γὰρ
2055 1508 2257 1568 μεγάλων
2288 1508 2575 1563 ἀξιοπενθεῖς

213 1576 360 1633 φῆμαι
398 1575 566 1629 μᾶλλον
602 1575 849 1630 κατέχουσι.
910 1578 1129 1635 Aristoph.
1159 1578 1276 1621 Aves
1308 1577 1437 1622 1316:
1482 1577 1715 1631 κατέχουσι
1747 1578 1782 1620 δ’
1812 1575 1973 1637 ἔρωτες
2010 1578 2119 1632 ε’μᾶς
2147 1575 2335 1630 πόλεως.
2367 1580 2574 1623 Herodot.

213 1640 252 1696 6,
281 1642 359 1685 40:
387 1640 443 1685 τὰ
473 1641 710 1696 κατέχοντα
742 1641 1000 1703 πρήγματα;
1037 1646 1192 1702 quibus
1222 1646 1268 1687 in
1297 1646 1398 1687 locis
1428 1647 1556 1702 vulgo
1587 1647 1898 1688 substantivum
1927 1645 2032 1697 τοὺς
2063 1642 2333 1705 ἀνθρώπους
2362 1647 2572 1703 supplent.

212 1709 264 1751 In
295 1710 503 1751 eiusmodi
534 1712 758 1754 structuris
789 1726 866 1754 nos
897 1712 1076 1754 verbum
1106 1710 1304 1765 κατέχειν
1335 1713 1476 1755 verbis
1505 1715 1644 1767 qelzen,
1675 1715 1906 1767 herrschen,
1937 1715 2149 1767 ebwalten,
2181 1715 2387 1756 similibus
2407 1719 2573 1756 vertere

210 1789 446 1832 possumus.

385 1843 469 1885 Sed
508 1845 591 1886 huc
626 1845 784 1900 locum,
824 1846 876 1887 de
919 1860 1002 1902 quo
1043 1846 1229 1902 agimus,
1270 1846 1344 1887 vix
1374 1845 1549 1898 referas3
1592 1860 1690 1887 nam
1719 1846 1764 1887 in
1794 1846 1860 1888 his
1889 1846 2083 1888 omnibus
2113 1847 2321 1903 exemplis
2351 1847 2405 1889 de
2435 1847 2572 1902 rebus,

211 1924 298 1952 non
329 1911 381 1953 de
412 1911 654 1954 hominibus
693 1927 830 1955 sermo
864 1918 939 1956 est.
1011 1912 1068 1955 Et
1110 1915 1247 1956 altera
1278 1913 1398 1955 verbi
1429 1910 1627 1965 κατέχειν
1657 1912 1906 1966 significatio
1939 1917 2002 1954 est
2026 1912 2298 1967 ,‚appellere“,
2338 1913 2412 1954 ubi
2442 1913 2572 1968 vulgo

213 1977 526 2020 substantivum
556 1979 660 2021 ναῦν
690 1981 902 2037 supplent,
934 1980 978 2022 cf
1002 1995 1042 2023 v.
1072 1993 1104 2021 0.
1137 1978 1334 2035 Sophool.
1363 1979 1542 2022 Philoct.
1573 1979 1675 2022 221:
1705 1976 1820 2029 τίνες
1849 1977 1947 2021 ποτ’
1978 1977 2024 2030 ἐς
2052 1980 2130 2037 γῆν
2159 1975 2287 2036 τήνδε
2318 1974 2402 2021 κάκ
2436 1978 2574 2031 ποίας

212 2040 342 2100 τύχης
373 2042 624 2100 κατέσχετε;
656 2046 739 2088 Sed
769 2061 795 2089 a
825 2061 871 2089 re
901 2047 1042 2090 navali
1073 2047 1200 2089 etiam
1231 2047 1284 2088 ad
1315 2047 1418 2089 alias
1448 2061 1515 2089 res
1546 2047 1814 2099 transfertur,
1845 2047 1887 2088 cf
1914 2046 2042 2103 Soph.
2073 2046 2137 2088 El.
2169 2045 2275 2089 503:
2306 2044 2347 2089 εἰ
2375 2044 2437 2104 μὴ
2467 2043 2572 2090 τόδε

214 2107 374 2168 φάσμα
404 2110 558 2163 νυκτὸς
588 2106 638 2155 εὗ
669 2109 953 2172 κατασχήσει.
1015 2114 1160 2170 Atque
1197 2113 1346 2155 eodem
1383 2114 1568 2169 pertinet
1604 2113 1684 2167 hic,
1717 2113 1770 2155 de
1801 2127 1883 2169 quo
1914 2114 2100 2168 agimus,
2130 2114 2259 2167 locus,
2291 2114 2367 2155 ubi
2398 2111 2571 2166 κατέχει

212 2179 326 2221 idem
361 2180 475 2222 valet
512 2194 561 2222 ac
592 2182 859 2235 „devertitur,
904 2179 1220 2224 commoratur“.
1289 2179 1387 2221 Hae
1424 2194 1449 2221 a
1486 2193 1532 2221 re
1562 2180 1704 2221 navali
1742 2180 1895 2221 ductae
1935 2180 2208 2236 metaphorae
2242 2181 2355 2236 apud
2387 2180 2572 2223 Graecos

213 2247 312 2289 satis
350 2246 593 2302 frequentes
634 2253 754 2302 sunt,
800 2248 842 2289 cf
869 2261 903 2291 0.
934 2262 975 2303 g.
1006 2248 1185 2290 verbum
1217 2242 1515 2302 κατάγεσθαι,
1565 2246 1698 2302 (1110(1,
1746 2251 1794 2287 ut
1833 2244 2043 2298 κατέχειν,
2074 2250 2243 2300 proprie
2273 2247 2324 2289 de
2352 2259 2399 2290 re
2429 2249 2573 2290 navali

213 2315 383 2367 dictum,
413 2317 461 2355 ut
491 2313 686 2370 Xenoph.
718 2315 887 2357 Hellen.
921 2315 959 2369 6,
991 2315 1029 2369 2,
1052 2313 1127 2358 36:
1159 2311 1182 2358 ὁ
1215 2312 1367 2368 μέντοι
1398 2310 1653 2371 Ἰφικράτης
1682 2310 1762 2362 τὰς
1790 2309 2097 2371 ,ιιὲντριήρεις
2127 2308 2573 2370 ἀκρωτηριασάμενος

214 2379 350 2424 ἕλκων
382 2377 650 2438 κατηγάγετο
684 2380 748 2433 εἰς
776 2380 852 2424 τὸν
882 2383 969 2425 τῶν
998 2379 1288 2439 Κερκυραίων
1318 2379 1485 2435 λιμένα,
1518 2381 1571 2422 ad
1603 2384 1689 2424 alia
1720 2393 1875 2435 quoque
1904 2385 2058 2424 itinera
2089 2386 2209 2423 trans
2227 2378 2374 2433 fertur,
2404 2384 2452 2421 ut
2471 2380 2572 2427 ibid,

212 2448 252 2502 4,
285 2446 323 2502 5,
358 2446 431 2490 18:
477 2446 603 2490 διἰἰὺν
647 2448 695 2492 δὲ
740 2447 810 2492 ἐπ’
854 2446 980 2492 οἴκου
1026 2445 1085 2499 ὡς
1128 2448 1207 2502 μὲν
1251 2443 1434 2490 ἐδύνατο
1475 2443 1725 2504 ὀψιαίτατα
1765 2442 1980 2504 κατήγετο
2020 2445 2084 2498 εἰς
2120 2443 2199 2495 τὰς
2236 2441 2407 2495 πόλεις,
2442 2441 2505 2496 ὥς
2535 2445 2572 2489 δ’

214 2509 395 2556 ἐδύνατο
426 2512 708 2595 πρωϊαίτατα
740 2514 981 2574 ἐξωρμᾶτο.
1045 2531 1178 2573 symp.
1210 2515 1343 2570 1,11:
1380 2512 1611 2564 Φίλιππος
1641 2511 1678 2555 δ’
1710 2509 1733 2557 ὁ
1765 2511 2070 2569 γελωτοποιός
2099 2508 2292 2570 κρούσας
2319 2509 2398 2569 τὴν
2427 2508 2572 2588 θύραν

215 2575 315 2623 εἶπε
356 2582 420 2637 τῷ
455 2578 762 2627 ὑπακούσαντι
803 2582 1076 2640 εἰσαγγεῖλαι
1113 2580 1237 2632 ὅστις
1264 2579 1299 2622 τ’
1338 2578 1406 2638 ειή
1447 2598 1522 2626 και
1561 2577 1680 2625 διότι
1711 2577 1991 2636 κατάγεσθαι
2019 2577 2240 2635 βούλοιτο
2302 2579 2369 2621 Ne
2398 2592 2498 2621 vero
2528 2580 2572 2621 in

215 2648 354 2691 verbis
385 2647 512 2707 παρὰ
542 2648 677 2693 παιδι
705 2647 877 2709 τερείνη
908 2650 1109 2703 offendas,
1140 2650 1239 2692 vide
1259 2648 1456 2706 Xenoph.
1478 2664 1613 2706 symp
1635 2649 1674 2703 8,
1696 2648 1769 2691 39:
1801 2644 2010 2705 πρόξενοι
2041 2643 2305 2703 κατάγονται
2336 2641 2461 2703 παρά
2481 2660 2568 2688 σοι.

215 2716 374 2759 Herod.
404 2716 568 2771 8,117:
600 2716 796 2760 ἐνθαῦτα
829 2716 877 2760 δὲ
899 2713 1184 2770 κατεχόμενοι
1208 2714 1256 2771 (1.
1278 2729 1312 2758 e.
1333 2715 1467 2758 forma
1487 2716 1642 2769 media)
1665 2712 1787 2759 σιτία
1806 2730 1853 2756 τε
1875 2709 2055 2756 πλείω)
2039 2731 2063 2772 η
2087 2712 2180 2756 κατ’
2202 2710 2308 2756 ὁδὸν
2328 2707 2570 2768 ἐλάγχανον.

215 2782 294 2824 Est
323 2783 436 2826 enim
464 2781 663 2837 κατέχειν
693 2780 820 2842 παρά
849 2800 949 2828 τινα
979 2785 1092 2826 idem
1123 2798 1172 2826 ac
1198 2785 1385 2837 „deverti
1414 2785 1469 2826 ad
1500 2782 1710 2838 aliquem“
1743 2798 1780 2823 κ.
1816 2777 1941 2839 παρά
1970 2797 2054 2823 τινι
2085 2781 2197 2823 idem
2227 2794 2276 2822 ac
2300 2781 2487 2834 „deverti
2515 2781 2571 2822 ad

218 2850 394 2904 aliquem
422 2855 462 2894 et
491 2865 663 2896 manere
693 2865 787 2895 cum
817 2851 900 2895 eo“.
960 2851 1027 2894 Ita
1056 2851 1161 2893 mihi
1191 2851 1235 2892 in
1265 2850 1405 2926 primo
1433 2850 1610 2892 disticho
1642 2850 1782 2891 omnia
1813 2849 2013 2903 expedita
2044 2861 2135 2889 esse
2165 2846 2373 2889 videntur.

395 2915 478 2958 Sed
516 2918 642 2974 longe
681 2919 765 2961 alia
802 2932 870 2960 res
910 2923 974 2961 est
1002 2931 1099 2960 011111
1129 2933 1168 2960 v
1199 2916 1304 2971 263,
1336 2918 1408 2973 qui
1437 2931 1619 2971 sensum,
1652 2917 1788 2973 qualis
1818 2915 2026 2971 quadrare
2056 2914 2235 2967 videtur,
2267 2926 2353 2954 non
2382 2912 2571 2968 praebet

218 2955 372 3037 Itaque
402 2983 481 3024 viri
520 2984 631 3027 docti
660 2985 731 3027 alii
762 2985 845 3027 alia
876 2984 1238 3040 excogitaverunt.
1297 2983 1354 3026 Et
1384 2985 1647 3027 Hermannus
1678 2982 1847 3039 quidem
1878 2995 1952 3037 pro
1984 2977 2155 3038 ψυχρόν
2185 2980 2362 3023 coniecit
2391 2977 2569 3037 ψυχροί,

218 3062 302 3104 qua
345 3049 584 3092 coniectura
628 3051 732 3108 quid
776 3052 1008 3105 lucremur,
1053 3056 1195 3092 mente
1241 3052 1408 3107 assequi
1451 3065 1536 3093 non
1582 3064 1764 3106 possum.
1827 3050 1990 3102 Kayser
2026 3053 2168 3090 autem
2199 3061 2276 3103 pro
2306 3046 2412 3106 τῇδε
2444 3045 2569 3103 φίλοι

217 3111 398 3158 πίνουσι
436 3115 561 3158 scribi
589 3118 700 3160 vult:
738 3116 832 3177 τῇδ’
871 3113 1233 3170 ἐπιχλευάζουσι,
1273 3118 1385 3174 (111οδ
1423 3132 1518 3160 011111
1555 3117 1680 3158 huius
1720 3116 2020 3172 sequentisque
2050 3114 2215 3157 distichi
2246 3114 2455 3156 sententia
2484 3129 2570 3156 non

217 3181 327 3224 male
357 3183 585 3236 consentit,
625 3184 699 3226 sed
735 3186 870 3241 primo
910 3185 1086 3227 disticho
1122 3189 1354 3242 repugnat3
1399 3199 1497 3226 nam
1537 3183 1572 3225 si
1610 3183 1751 3239 puella
1791 3186 1959 3238 poetam
1998 3182 2141 3224 invitis
2179 3181 2424 3238 parentibus
2455 3187 2568 3224 amat

218 3251 345 3304 atque
373 3262 536 3305 aquans
565 3251 778 3306 convenit,
819 3266 905 3294 non
936 3255 1010 3306 est,
1041 3252 1155 3308 quod
1185 3257 1310 3309 poeta
1341 3251 1533 3307 querelas
1563 3251 1655 3292 illas
1686 3249 1847 3291 fundat.
1884 3249 2095 3309 'Hartuny
2127 3263 2252 3305 porro
2279 3262 2355 3304 pro
2390 3245 2563 3290 πίνουσι

218 3316 437 3371 proposuit
467 3313 760 3374 προπίνουσι,
799 3318 913 3374 (111οᾱ
951 3318 1082 3375 ipsius
1122 3319 1245 3360 metri
1283 3332 1408 3360 causa
1436 3319 1534 3360 ferri
1566 3317 1722 3373 nequit.
1786 3316 2085 3358 Heimsoetkius
2116 3315 2299 3371 denique
2329 3311 2482 3366 συχνὸν
2511 3336 2567 3343 -

220 3376 452 3426 ἐπινοοῦσι
496 3383 582 3438 legi
624 3383 728 3425 vult.
795 3384 856 3426 At
899 3385 959 3427 ita
1003 3384 1264 3428 desideratur
1305 3385 1514 3427 obiectum
1554 3384 1676 3426 verbi
1716 3381 1923 3431 ἐπινοεῖν,
1967 3382 2078 3438 quod
2115 3382 2188 3424 vix
2228 3382 2373 3424 deesse
2411 3386 2568 3436 potest:

222 3459 475 3503 quamquam
506 3463 606 3492 sane
637 3448 867 3494 ἐπινοοῦσι
897 3451 1075 3494 verbum
1104 3458 1178 3507 est,
1211 3452 1324 3509 quod
1355 3453 1396 3495 11.
1426 3453 1449 3494 l.
1482 3452 1710 3508 requiritur
1741 3456 1782 3492 et
1813 3450 1857 3491 in
1891 3449 2004 3505 quod
2036 3463 2114 3505 ego
2146 3462 2315 3505 quoque
2344 3447 2482 3490 incidi.
