2704 3906
1186 290 1460 332 -10-

179 430 241 472 Ita
280 427 370 469 libri
408 422 616 465 exhibent.
675 420 756 462 Sed
795 420 898 461 alter
930 430 1071 459 versus
1102 412 1186 457 29ss
1224 427 1400 467 magnae
1436 413 1513 454 fuit
1542 412 1758 455 offensioni
1787 419 1829 456 et
1858 419 2025 470 propter
2054 414 2306 456 adiectivum
2336 409 2475 470 ἀδαής

180 500 219 536 et
256 496 421 547 propter
452 487 623 528 ιετῑιιιιιι
657 484 848 536 μέλεται
912 483 966 525 Et
1004 478 1280 523 confitendum
1313 482 1375 519 est
1404 476 1458 519 ab
1489 477 1566 519 hoc
1595 478 1683 519 loco
1712 478 1895 521 alienum
1925 493 2014 522 esse
2042 479 2293 522 adiectivum
2323 473 2472 535 ἀδαής,

179 558 292 600 cuius
330 556 417 595 loco
448 552 640 594 Hoesclnel
677 547 815 606 ἅαδής
843 548 1033 599 coniecit,
1074 543 1185 600 quod
1221 542 1472 584 adiectivum
1510 542 1611 584 mihi
1639 543 1808 586 aliunde
1845 545 2034 599 ignotum
2071 549 2152 598 est,
2190 544 2267 586 etsi
2303 543 2423 585 facile
2450 556 2476 585 a

180 621 304 664 serbo
334 614 496 659 ἆαδεῖι·
557 611 709 667 ὀχλεῒν.
742 610 1011 657 ἀδικεῖσθαι
1045 609 1155 682 quod
1186 607 1334 650 Suidas
1365 607 1501 661 habet,
1532 607 1711 650 derivari
1740 612 1887 664 potest.
1945 609 2125 652 Gravius
2154 613 2228 662 est,
2258 608 2370 684 quod
2398 607 2477 650 hoc

177 685 297 728 modo
335 696 428 724 cum
461 683 696 724 Cameren-io
732 680 855 721 etiam
884 676 1058 730 μέλεται
1099 674 1141 715 in
1172 671 1355 715 πέλεται,
1394 674 1547 714 mutari
1576 677 1751 729 oportet.
1810 674 1899 716 Imo
1929 688 2027 717 vero
2058 688 2111 717 ne
2140 675 2279 717 sensui
2307 672 2476 730 quidem

178 753 281 792 bene
323 748 422 789 haec
461 746 694 787 coniectura
733 743 995 786 accomodata
1033 744 1113 791 est3
1158 752 1254 780 nam
1291 741 1385 793 post
1413 738 1542 780 verba
1580 740 1703 793 σιγᾶν
1738 735 2044 791 χαλεπώτατον
2083 733 2223 792 ὄχθος
2261 743 2477 794 exspectas

175 815 307 857 simile
336 811 433 866 quid
463 824 529 852 ac:
554 822 739 863 „semper
768 814 904 851 autem
933 803 1153 859 quuitur“,·
1196 803 1256 845 ira
1285 807 1411 857 atque
1440 803 1725 859 indignatione
1754 818 1850 847 eum
1879 805 2061 860 reliquos
2090 805 2285 847 convivas
2314 803 2478 845 afficere

176 877 441 934 sequentibus
471 875 657 917 xer-sibus
686 874 890 915 docemur.

343 940 428 983 Sed
457 941 587 981 multo
618 940 748 994 magis
778 942 820 979 et
849 940 1019 991 propter
1050 934 1298 976 vocabulum
1327 938 1367 975 et
1397 937 1567 989 propter
1596 939 1776 977 metrum
1798 935 1986 991 displicet
2006 936 2224 988 Hartunyii
2243 933 2478 975 coniectura

176 1003 339 1063 ἀσαρός
366 1001 524 1061 (ασαρι
529 1005 578 1056 ς),
610 1003 719 1058 quod
748 1001 1037 1052 adiectivum‚
1037 1011 1251 1052 nauseam
1278 1012 1310 1040 s
1330 997 1541 1051 fastidium
1570 1000 1762 1044 movens“
1780 1014 1870 1042 esse
1889 1001 2197 1055 interpretatur.
2235 999 2480 1041 Her-worden

176 1087 296 1129 porro
326 1084 490 1113 xersum
520 1071 574 1111 ita
605 1068 831 1110 constituit:
866 1063 1166 1122 φθεγγοιιένοι
1197 1061 1232 1105 δ’
1264 1060 1335 1115 ἅμ’
1366 1078 1465 1119 αση,
1496 1067 1614 1107 τοῖσι
1643 1067 1778 1124 παρῇ,
1801 1064 1994 1113 πέλεται,
2026 1065 2158 1106 multa
2184 1064 2365 1115 molitus,
2394 1062 2478 1116 sed,

176 1143 222 1180 ut
258 1137 359 1179 mihi
388 1137 571 1188 videtur,
615 1147 751 1189 neque
785 1132 1016 1174 sententiae
1054 1143 1191 1185 neque
1221 1130 1359 1171 verbis
1396 1130 1502 1171 bene
1543 1131 1773 1174 consulens.
1830 1130 1917 1174 Nec
1957 1131 2089 1185 magis
2119 1129 2239 1171 nobis
2267 1128 2478 1184 probatur,

176 1203 286 1259 quod
311 1204 520 1256 Emporius
551 1200 743 1241 tentaxit:
784 1194 1084 1253 φθεγγομένου
1115 1193 1151 1237 δ’
1181 1191 1323 1251 ἂλέιμς
1356 1189 1442 1237 οἷσι
1476 1196 1611 1253 παρῇ,
1643 1194 1835 1248 μέλεται,
1868 1210 1976 1252 quae
2003 1195 2132 1238 verba
2161 1194 2366 1250 quomodo
2386 1207 2480 1235 cum

175 1267 462 1324 sequentibus:
507 1261 717 1319 ἀναγκαίη
761 1263 798 1304 δ’
836 1259 1032 1315 ἑπιίιιξις
1070 1261 1360 1302 consentiunt?
1418 1261 1509 1302 Nisi
1547 1274 1646 1302 vero
1686 1265 1810 1316 putas
1849 1261 2099 1303 adiectivum
2138 1256 2347 1316 ἀναγκαίη
2386 1273 2479 1301 cum

176 1334 367 1377 Piersono
398 1333 439 1373 in
469 1327 623 1387 ἆιιι,ρή
653 1329 957 1371 immutandum
986 1341 1090 1369 esse.

342 1397 436 1439 Jam
467 1409 740 1451 exponamus,
780 1394 879 1450 quid
910 1393 1030 1435 nobis
1061 1391 1264 1433 videatur.
1322 1391 1377 1433 Et
1406 1391 1586 1446 primum
1616 1390 1785 1446 quidem
1814 1391 2101 1433 existimamus
2131 1390 2258 1432 verba
2289 1387 2481 1446 φθεγγό-

175 1478 301 1516 μενος
330 1468 371 1504 et
398 1461 569 1514 μέλε-ται
604 1462 766 1514 integra
795 1473 895 1502 esse.
944 1458 1053 1500 Nam
1084 1457 1258 1499 verbum
1276 1454 1507 1509 μέλεσθαι,
1540 1456 1650 1511 quod
1671 1456 1838 1511 proprie
1857 1457 1968 1498 valet
1989 1469 2143 1510 curare,
2174 1470 2293 1498 curas
2314 1456 2480 1509 habere,

175 1530 282 1571 bene
319 1529 370 1570 de
407 1528 586 1582 parasito
625 1526 795 1577 dicitur,
840 1525 910 1580 qui
949 1538 1092 1566 omnes
1133 1523 1330 1565 convivas
1368 1523 1599 1579 promiscue
1634 1521 1892 1564 sermonibus
1930 1522 2015 1564 suis
2054 1521 2238 1577 iocisque
2278 1522 2482 1564 delectare

175 1594 332 1646 studet,
380 1594 430 1635 de
467 1593 652 1635 omnibus
689 1596 829 1644 icitur,
867 1591 1104 1644 quibuscum
1133 1595 1211 1642 est,
1251 1593 1289 1631 ei
1326 1601 1429 1631 cura
1465 1592 1543 1641 est,
1574 1587 1601 1629 i.
1631 1600 1665 1628 e.
1694 1585 1885 1637 μέλεται.
1948 1585 2108 1643 Sponte
2137 1587 2253 1629 vides
2289 1601 2357 1630 me
2385 1592 2483 1629 ante

175 1660 348 1702 verbum
383 1657 558 1710 ιιὲλεται
598 1657 838 1711 genetivum
876 1657 963 1696 τῶν
1005 1656 1213 1730 supplere.
1269 1654 1366 1697 Jam
1396 1653 1614 1727 participio
1645 1648 1944 1708 φθεγγόμενος
1971 1653 2111 1695 addito
2140 1653 2365 1706 indicatur,
2404 1666 2482 1707 qua

174 1731 216 1769 in
258 1737 303 1767 re
331 1723 499 1778 parasiti
537 1736 634 1763 cura
673 1722 751 1763 sita
787 1722 858 1773 sit,
906 1726 952 1762 ut
982 1722 1093 1762 enim
1122 1721 1168 1774 is,
1200 1721 1271 1776 qui
1300 1718 1538 1762 convivium
1566 1717 1764 1771 instituit,
1796 1719 1980 1761 convivis
2010 1719 2106 1760 vina
2135 1719 2361 1774 epulasque
2389 1732 2483 1774 pro-

175 1790 381 1866 ponenda
397 1793 530 1840 curat,
566 1787 624 1828 ita
654 1787 857 1841 parasitus
888 1799 1099 1829 sermones
1128 1790 1327 1840 iocosque.
1385 1783 1454 1826 Ad
1483 1783 1595 1825 hunc
1624 1797 1745 1824 usum
1775 1783 1824 1826 cf.
1853 1783 2047 1839 Xenoph.
2076 1797 2217 1826 oecon.
2246 1783 2318 1837 13,
2356 1783 2401 1826 2:
2442 1781 2485 1826 τί

177 1850 335 1911 ὄφελος
366 1851 530 1909 ἰατροῦ.
563 1866 612 1901 ος
641 1850 892 1904 ἐπιμελοῖτο
923 1851 1001 1903 μὲν
1032 1847 1268 1904 κάιινοντός
1295 1865 1412 1899 τινος
1440 1846 1560 1905 πρωί
1588 1863 1635 1889 τε
1667 1846 1743 1890 idm
1765 1847 1838 1891 καὶ
1869 1844 1971 1904 ὀψέ,
2004 1846 2073 1891 ὅτι
2096 1847 2143 1891 δὲ
2174 1846 2394 1906 συμφέρον
2422 1851 2485 1904 τῶ

180 1917 376 1972 κάμνοντι
411 1921 556 1961 ποιεῖι
586 1915 668 1973 ειή,
699 1919 827 1960 τοῦτο
856 1915 914 1973 μ’]
948 1914 1108 1991 εἶδειή;
1146 1917 1334 1958 similiter
1363 1916 1514 1970 vectig.
1541 1915 1585 1968 5,
1623 1913 1648 1955 9
1680 1928 1820 1970 cyrop
1849 1913 1888 1968 2,
1921 1914 1957 1968 1,
1988 1913 2060 1968 22,
2098 1915 2191 1957 alia.
2249 1915 2484 1956 Parasitum

179 2000 277 2028 vero
308 1985 526 2040 significari
556 1996 611 2024 ex
642 1998 707 2025 vv.
739 1982 908 2025 297—8
940 1983 1052 2024 cerni
1080 1983 1187 2024 licet.

350 2050 565 2092 Hactenus
604 2050 742 2090 omnia
772 2050 879 2091 bene
909 2049 1151 2105 procedunt.
1212 2046 1298 2089 Sed
1327 2047 1428 2102 quid
1456 2046 1559 2088 illud
1589 2041 1728 2101 ἀδειής
1757 2045 1836 2087 sibi
1865 2045 1972 2098 vult,
2011 2046 2123 2100 quod
2153 2046 2192 2088 h.
2222 2046 2248 2088 l.
2276 2045 2374 2086 ferri
2403 2059 2487 2087 non

180 2130 298 2173 posse
329 2117 409 2157 iam
440 2116 706 2157 monuimus?
767 2115 895 2157 Cuius
926 2115 1015 2156 loco
1047 2114 1147 2170 quid
1176 2112 1511 2155 substituendum
1542 2113 1606 2164 sit,
1637 2124 1941 2166 cognoscemus,
1971 2111 2006 2152 si
2035 2111 2358 2164 meminerimus,
2387 2111 2486 2166 quid

181 2182 352 2238 parasiti
391 2186 564 2222 naturae
599 2181 811 2235 proprium
842 2186 971 2234 atque
999 2179 1170 2220 insitum
1199 2179 1263 2220 sit.
1321 2178 1485 2233 Nempe
1513 2177 1603 2231 hoc,
1632 2181 1679 2218 ut
1708 2181 1798 2220 sinc
1825 2179 1910 2220 ulla
1939 2179 2184 2220 verecundia
2211 2191 2374 2233 semper
2402 2191 2487 2219 ser·

180 2248 422 2299 mocinetur,
452 2246 716 2301 impudenter
744 2251 870 2301 atque
899 2246 1144 2287 insolenter:
1175 2258 1223 2286 ea
1253 2245 1362 2285 enim
1392 2243 1462 2285 illa
1491 2243 1659 2298 parasiti
1688 2256 1787 2284 cura
1818 2242 2116 2297 diligentiaque
2137 2243 2334 2284 convivas
2353 2242 2486 2284 delec-

179 2313 292 2355 tandi
324 2313 387 2353 his
415 2316 598 2367 apparet.
658 2311 764 2352 Mihi
794 2312 921 2366 igitur
952 2311 1117 2352 videtur
1146 2311 1244 2352 olim
1272 2310 1471 2365 scriptum
1498 2309 1624 2349 fuisse
1655 2303 1798 2364 ἀδεής,
1829 2307 1941 2362 quod
1969 2307 2219 2349 adiectivum
2249 2308 2406 2362 optime
2435 2306 2487 2348 de

180 2378 381 2421 eiusmodi
410 2378 578 2420 homine
607 2377 776 2419 dicitur:
806 2381 1088 2420 sermocinans
1117 2381 1257 2431 utpote
1275 2378 1393 2419 homo
1412 2375 1712 2417 inverecundus
1732 2385 1880 2426 omneS,
1911 2373 2144 2427 quibuscum
2164 2378 2236 2427 est,
2266 2373 2344 2416 sibi
2362 2385 2488 2415 curae

178 2446 308 2487 liabet-
367 2442 565 2485 Similiter
602 2443 700 2484 dicit
738 2442 886 2484 Horat.
925 2441 1047 2498 epod.
1080 2442 1151 2495 11,
1193 2442 1263 2485 13:
1312 2440 1435 2483 simul
1471 2440 1642 2481 calentis
1678 2440 1976 2483 inverecundus
2012 2440 2113 2481 deus
2142 2438 2185 2492 (i.
2215 2452 2250 2482 e.
2278 2437 2486 2492 Bacchus)

180 2509 400 2551 fervidiore
429 2522 543 2550 mero
574 2522 723 2550 arcana
753 2512 963 2562 promorat
994 2508 1095 2549 loco.

349 2574 432 2616 Sed
461 2574 710 2616 adiectivum
742 2569 875 2629 ἀδεής
913 2574 995 2615 alia
1027 2585 1193 2628 quoque
1222 2585 1267 2613 re
1297 2570 1620 2613 commendatur.
1680 2569 1891 2612 Homerus
1920 2569 2031 2611 enim
2060 2569 2193 2611 tribus
2221 2569 2320 2612 locis
2341 2567 2419 2623 (Il.
2447 2567 2487 2621 8,

181 2639 276 2683 423.
319 2639 386 2692 21,
416 2639 513 2681 481.
559 2638 637 2680 Od.
661 2638 727 2693 19,
748 2638 820 2692 91)
851 2639 903 2681 de
932 2639 1233 2693 impudentibus
1261 2636 1498 2679 hominibus
1528 2632 1630 2677 κύον
1661 2631 1813 2686 ἀδδεές
1841 2635 1949 2677 dicit.
1993 2635 2136 2691 Atque
2164 2638 2324 2676 constat
2343 2647 2487 2676 canem

183 2706 295 2762 apud
316 2705 496 2748 Graecos
525 2706 865 2761 perfectissimam
896 2719 986 2747 esse
1015 2703 1298 2760 impudentiae
1327 2703 1564 2757 imaginem.
1631 2701 1714 2743 Sed
1753 2715 1837 2743 non
1862 2700 1995 2743 solum
2021 2701 2204 2744 homines
2234 2701 2488 2754 impudentes

182 2769 304 2821 κι’νες
331 2771 467 2812 iocati
505 2775 618 2824 sunt,
661 2770 734 2812 sed
772 2771 896 2813 etiam
928 2766 1111 2819 κόλακες
1139 2773 1180 2811 et
1209 2764 1471 2825 παράσιτοι,
1513 2767 1604 2823 qui,
1640 2771 1687 2808 ut
1715 2780 1855 2820 canes,
1897 2765 2085 2808 homines
2115 2765 2274 2807 nobiles
2303 2766 2487 2807 comitari

181 2839 387 2891 solebant3
429 2838 485 2879 ita
516 2838 668 2893 legitur
699 2853 840 2895 προκι
844 2853 902 2878 ων
930 2851 996 2893 ap.
1026 2835 1265 2911 Poseidipp.
1296 2833 1366 2888 18,
1396 2833 1425 2875 4
1453 2832 1516 2876 ed.
1546 2832 1754 2887 Hartung.
1812 2831 1909 2874 Jam
1936 2844 2035 2874 vero
2065 2830 2180 2872 vides
2209 2830 2318 2886 ipsc,
2363 2844 2489 2886 quam

180 2908 278 2960 apte
306 2903 482 2945 adiectiv
487 2917 555 2944 um
586 2898 718 2960 ἀδεής
755 2904 795 2945 h.
824 2904 851 2944 l.
882 2903 1038 2944 dictum
1068 2903 1138 2955 sit,
1177 2902 1332 2958 quippe
1370 2898 1481 2955 quod
1509 2898 1647 2940 statim
1677 2893 1783 2941 κύνα
1812 2898 1857 2939 in
1889 2897 2129 2939 memoriam
2157 2896 2417 2939 audientium
2447 2900 2488 2939 et

181 2969 408 3025 legentium
438 2974 614 3011 revocet.
663 2969 803 3010 Etiam
833 2969 1008 3011 verbum
1041 2966 1321 3023 φθέγγεσθαι
1352 2964 1405 3006 ad
1434 2964 1540 3005 hanc
1568 2963 1816 3005 sententiam
1846 2961 2032 3036 quadrat,
2065 2961 2187 3017 quod,
2217 2963 2294 3004 etsi
2324 2975 2407 3004 non
2434 2962 2487 3004 ab

184 3034 382 3087 Homero,
412 3038 551 3076 tamen
581 3049 605 3076 a
635 3034 933 3090 posterioribus
963 3033 1089 3075 etiam
1118 3035 1168 3075 de
1197 3033 1337 3075 bestiis
1366 3030 1516 3071 dicitur
1544 3028 1593 3070 cs.
1622 3029 1741 3071 lexic.
1801 3027 1852 3069 In
1882 3027 2120 3069 universum
2149 3028 2202 3070 de
2231 3028 2410 3083 parasito
2439 3027 2488 3070 cf.

183 3100 338 3143 Athen
367 3099 525 3141 VI·—

385 3165 587 3207 Versibus
618 3165 701 3209 309
723 3180 782 3221 sq.
811 3168 1033 3220 praecepta
1063 3163 1115 3205 de
1144 3162 1345 3205 conviviis
1373 3165 1485 3203 recte
1513 3159 1684 3214 agendis
1715 3159 1876 3212 dantur,
1909 3172 2015 3213 quae
2035 3159 2162 3214 vulgo
2191 3158 2248 3200 sic
2275 3158 2487 3213 leguntur:

726 3230 770 3273 ἐν
797 3229 874 3282 μὲν
905 3225 1174 3272 συσσίτοισιν
1204 3223 1311 3284 ἀνὴρ
1340 3222 1611 3276 πεπνυμένος
1641 3218 1767 3273 ειναι,

863 3291 1007 3336 πάντα
1039 3292 1088 3336 δέ
1114 3309 1189 3347 μιν
1217 3289 1374 3349 λήθειν
1403 3287 1462 3340 ὡς
1492 3286 1684 3332 ἀπέοντα
1715 3284 1851 3333 δόκει.

729 3360 792 3411 εἷς
820 3360 866 3404 δὲ
898 3358 1025 3417 φέροι
1058 3356 1112 3401 τὰ
1140 3359 1304 3414 γελοῖα·
1336 3353 1507 3414 θύρηφι
1544 3355 1590 3398 δὲ·
1621 3354 1831 3413 καρτερὸς
1861 3352 1941 3411 εἴη,

863 3422 1110 3482 γιγνώσκων
1140 3420 1282 3481 ὀργήν,
1315 3421 1444 3480 ἥντιν’
1475 3421 1656 3472 ἕκαστος
1684 3418 1792 3476 ἔχει,
