2704 3906
1246 233 1502 276 ...7-

195 363 338 420 puella
368 362 448 405 sibi
479 361 693 418 praeferri.
742 362 853 405 Nam
884 366 1082 418 parentes
1112 366 1155 404 et
1183 363 1366 404 amasius
1397 377 1532 405 novus
1561 363 1621 405 eis
1652 365 1948 421 supervenisse
1969 364 2178 421 videntur,
2209 380 2235 409 a
2256 367 2409 423 quibus
2430 373 2557 425 poeta

192 430 371 472 fortasse
399 429 511 470 male
540 432 743 471 tractatus
773 433 853 472 est:
884 429 983 471 inde
1013 429 1102 471 illa:
1133 425 1308 487 ψυδρόν
1335 445 1413 483 μοι
1445 428 1572 488 παρὰ
1600 431 1706 491 τῇδε
1738 430 1865 488 φίλοι
1897 431 2129 477 ἐπινοοῦσι
2157 436 2328 493 τοκῆες.
2362 458 2418 465 -

366 503 572 547 Versibus
618 503 701 546 271
742 519 803 560 sq.
835 505 960 547 homo
992 518 1145 559 seneX,
1196 506 1269 561 qui
1298 506 1450 562 impios
1479 506 1586 549 filios
1617 507 1763 563 habet,
1811 509 2002 565 queritur
2038 511 2227 553 omnium
2257 512 2555 566 gravissimum

193 572 352 614 malum
382 585 484 625 esse,

469 637 568 682 275.
628 639 789 689 παῖδες
818 637 920 682 ἐπεὶ
948 635 1156 696 θρέψαιο
1187 637 1263 681 καὶ
1293 632 1460 696 ἷίρμενα
1492 637 1638 683 πάντα
1668 638 1937 700 παράσχοις,

748 701 952 763 χρήματα
984 702 1022 747 δ’
1052 702 1093 748 εἰ
1123 707 1328 764 καταθῇς
1356 703 1486 749 πόλλ’
1517 703 1678 766 ἆνιηρά
1708 706 1887 760 παθών,

627 770 703 815 τὸν
733 771 888 831 πατέρ’
917 769 1196 830 ἐχθαίρουσι,
1230 775 1508 829 καταρῶνται
1540 773 1577 817 δ’
1608 771 1882 827 ἀπολέσθαι,

748 838 824 882 καὶ
855 837 1077 895 στυγέουσ’
1109 835 1262 898 ὥσπερ
1295 840 1469 894 πτωχὸν
1498 839 1802 900 ἐσερχόμενονε

191 909 250 951 ita
292 908 422 950 habet
452 907 493 948 A
524 921 602 950 sec.
636 921 718 949 van
764 907 839 950 der
868 907 988 963 Mey,
1034 906 1232 963 idemque
1268 907 1416 964 Bergk
1454 909 1695 952 coniectura
1734 913 1950 952 assecutus
1993 914 2106 965 erat3
2150 911 2225 952 sed
2264 911 2416 968 reliqui
2457 913 2555 956 libri

192 977 398 1021 exhibent
429 972 465 1016 δ’
497 973 761 1033 ἐγκαταθῇς,
795 973 910 1015 unde
939 974 1060 1030 sequi
1091 973 1260 1016 videtur
1289 975 1332 1017 in
1363 975 1593 1032 archetypo
1624 976 1740 1018 aliud
1771 976 1872 1032 quid
1904 976 2107 1032 scriptum
2128 977 2269 1020 fuisse.
2318 978 2413 1021 Non
2437 981 2550 1023 enim

192 1045 283 1089 veri
315 1043 450 1087 simile
481 1048 544 1085 est
573 1042 763 1085 futurum
792 1040 939 1094 fuisse,
970 1045 1018 1082 ut
1048 1041 1179 1083 verba
1211 1039 1248 1082 δ’
1279 1039 1320 1084 εἰ
1349 1044 1554 1102 καταθῇς
1581 1044 1626 1085 111
1657 1043 1788 1086 verba
1818 1041 1855 1085 δ’
1885 1041 2139 1103 ἐγκαταθῇς
2167 1050 2445 1101 mutarentur,
2477 1047 2553 1090 sed

190 1114 332 1171 potius
364 1109 400 1154 δ’
422 1108 686 1167 ἐγκαταθῇς,
720 1106 786 1149 cui
817 1107 948 1149 verbo
979 1107 1046 1148 hic
1075 1107 1191 1150 locus
1221 1122 1307 1150 non
1338 1113 1411 1163 est,
1442 1111 1486 1152 in
1516 1110 1622 1152 illud
1652 1108 1689 1152 δ’
1711 1108 1752 1152 εἰ
1781 1112 1999 1169 καταθῇς.
2064 1111 2172 1154 Inde
2201 1117 2378 1169 apparet
2407 1113 2549 1156 locum

191 1184 437 1236 corruptum
469 1190 571 1220 esse.
629 1174 775 1230 Atque
805 1173 954 1215 eodem
983 1173 1100 1216 ducit
1129 1176 1389 1218 concinnitas
1420 1177 1674 1231 disturbata,
1719 1191 1815 1219 cum
1846 1193 1881 1219 v.
1916 1176 2000 1220 275
2032 1175 2135 1220 ἐπεί
2163 1192 2258 1220 cum
2290 1181 2477 1236 optativo
2509 1187 2552 1225 et

191 1264 230 1290 v.
263 1245 347 1291 276
380 1243 420 1288 εἰ
450 1258 545 1286 011111
573 1240 840 1284 coniunctivo
871 1240 1115 1283 habeamus.

365 1312 422 1355 Et
461 1311 540 1353 hoc
568 1308 719 1351 vitium
764 1311 812 1349 ut
841 1308 1025 1362 tolleret,
1066 1309 1254 1363 Hartunq
1284 1310 1461 1352 coniecit
1490 1311 1760 1353 scribendum
1791 1325 1898 1354 esse:
1943 1309 2186 1369 παρασχών
2212 1308 2416 1371 χρήματα
2447 1330 2553 1359 uoci·-

192 1380 336 1438 θείης.
397 1379 494 1422 Non
523 1379 648 1429 recte,
679 1374 850 1430 opinor;
881 1388 980 1416 nam
1008 1375 1114 1417 illud
1144 1366 1310 1432 α’ρμενα
1341 1372 1486 1420 πάντα
1518 1375 1728 1435 παρέχειν
1758 1392 1842 1420 11011
1872 1378 2168 1433 subiunctum,
2199 1379 2273 1421 sed
2303 1380 2548 1424 adiunctum

194 1454 257 1493 est
286 1445 479 1504 sequenti
505 1439 710 1501 χρήματα
741 1443 1023 1484 καταθεῖναι.
1073 1441 1262 1497 Accedit,
1294 1444 1407 1498 quod
1437 1444 1552 1498 haec,
1584 1457 1692 1499 quae
1713 1445 1902 1498 Hartuny
1931 1445 2121 1499 coniecit,
2152 1445 2228 1487 vix
2258 1446 2303 1488 in
2323 1447 2409 1502 illa,
2440 1462 2549 1504 quae

192 1516 383 1572 legimus,
412 1512 530 1554 abire
560 1513 803 1566 potuerunt.

365 1590 509 1645 Atque
554 1585 751 1641 equidem
802 1588 906 1641 puto
951 1584 1185 1640 antiquitus
1233 1585 1435 1641 scriptum
1481 1585 1631 1628 fuisse:
1691 1580 1838 1644 χρῆμά
1886 1600 1934 1627 τε
1985 1584 2212 1644 κατθείης.
2289 1588 2359 1630 Ad
2401 1592 2550 1648 χρῆμα

191 1671 266 1714 per
309 1657 563 1711 sinyularem
608 1654 783 1706 dictum,
830 1652 904 1692 ubi
947 1651 1077 1706 vulgo
1119 1653 1300 1706 pluralis
1345 1653 1539 1708 usurpari
1582 1653 1689 1695 solet
1732 1653 1781 1695 cf.
1812 1652 1963 1695 Suidas
1992 1668 2023 1695 s.
2054 1668 2096 1696 v.
2123 1656 2285 1712 χρῆμα·
2362 1659 2547 1716 πρᾶγμα

192 1721 221 1784 ἢ
274 1725 431 1782 κτῆμα,
497 1720 713 1769 πλοῦτος,
775 1713 919 1767 οὐσία,
973 1717 1139 1775 λῆμμα.
1240 1719 1430 1768 Quocum
1487 1720 1796 1776 comparandus
1851 1723 1915 1761 est
1971 1719 2128 1762 Pollux
2185 1721 2232 1776 9,
2288 1722 2366 1765 81:
2431 1721 2550 1768 διότι

189 1788 391 1851 χρήματα
430 1788 510 1844 μὲν
548 1784 720 1830 εἴποιεν
762 1801 806 1827 οι
838 1782 1162 1828 Ἀττικοί.τὸ
1199 1784 1247 1828 δὲ
1275 1786 1422 1844 χρῆμα
1459 1787 1538 1841 μὲν
1569 1782 1720 1836 αὐτοῖς
1750 1784 1826 1829 ἐπὶ
1855 1786 1934 1827 τοῦ
1964 1782 2224 1843 πράγματος
2255 1784 2284 1847 ἢ
2312 1786 2546 1848 κτήματος.

193 1856 319 1917 παρὰ
341 1856 389 1900 δέ
408 1859 504 1908 τοῖς
519 1850 654 1898 Ἴωσι
676 1870 752 1896 και
774 1851 851 1896 ἐπὶ
871 1853 958 1895 τῶν
974 1848 1222 1910 χρημάτων.
1265 1853 1321 1895 Ε1
1341 1854 1521 1909 legimus
1541 1854 1666 1910 apud.
1688 1853 1847 1896 Herod
1871 1853 1950 1907 ΙΙΙ,
1972 1852 2028 1896 38
2050 1854 2309 1909 singularem
2330 1871 2391 1911 ea,
2422 1872 2549 1914 quam

193 1927 350 1968 Pollux
381 1924 492 1975 dicit,
523 1921 844 1978 significatione
904 1919 1103 1961 Ceterum
1133 1920 1231 1962 vide
1261 1919 1475 1963 Koenium
1506 1920 1558 1962 ad
1590 1920 1764 1975 Gregor
1797 1919 1890 1963 Cor,
1920 1934 1960 1994 p
1984 1919 2086 1975 183,
2117 1921 2282 1964 Jacobs.
2314 1923 2406 1966 leet.
2429 1924 2549 1968 Stob.

193 2008 235 2050 p.
272 1991 347 2047 423
391 1978 575 2033 Meinek.
613 1988 788 2030 analect.
825 1987 914 2029 crit.
952 1986 1007 2028 ad
1037 1986 1156 2028 Stob.
1191 1986 1236 2028 in
1266 1987 1330 2028 ed.
1363 1986 1481 2030 Stob.
1521 2001 1560 2043 p.
1596 1985 1688 2030 160.
1750 1987 1894 2042 Atque
1936 1986 2028 2040 ipsa
2067 1986 2171 2029 haec
2206 1987 2376 2032 insolita
2413 1990 2548 2034 forma

192 2073 319 2102 causa
360 2056 622 2113 corruptelae
650 2054 780 2096 fuisse
809 2053 995 2108 videtur3
1033 2067 1132 2095 nam
1163 2057 1211 2094 ut
1240 2053 1400 2097 librarii
1429 2056 1643 2097 insuetum
1673 2053 1777 2095 illud
1803 2054 1952 2110 χρῆμα
1983 2066 2079 2094 cum
2109 2055 2314 2108 particula
2343 2062 2548 2113 sequente

191 2141 240 2168 τε
270 2126 315 2168 111
337 2125 513 2179 vulgare
542 2122 645 2164 illud
674 2117 879 2179 χρήματα
909 2124 1194 2175 mutaverunt,
1224 2122 1433 2177 particula
1463 2120 1512 2164 δὲ
1543 2121 1847 2164 coniunctionis
1877 2134 2004 2162 causa
2025 2120 2217 2163 addenda
2239 2127 2348 2177 erat3
2378 2128 2425 2165 ut
2445 2138 2547 2167 vero

193 2206 340 2237 versus
379 2194 526 2245 staret,
569 2203 624 2232 ex
663 2189 804 2231 littera
843 2203 864 2229 ε
899 2187 944 2230 111
984 2188 1192 2244 particula
1231 2186 1281 2231 τέ
1316 2187 1363 2245 ἐγ
1398 2194 1440 2231 et
1477 2188 1626 2231 eodem
1663 2191 1854 2243 tempore
1893 2200 1947 2228 ex
1982 2187 2140 2229 rariore
2169 2187 2303 2230 forma
2332 2188 2548 2248 κατθείης

193 2261 386 2304 usitatior
417 2257 621 2316 καταθῇς
649 2256 759 2298 facta
791 2258 865 2308 est,
899 2260 947 2298 ut
977 2255 1136 2297 malum
1166 2257 1325 2298 malum
1356 2257 1482 2299 ducit.
1529 2255 1728 2298 Ceterum
1758 2254 1810 2295 ad
1833 2252 1934 2296 ἐπεὶ
1954 2267 2049 2295 cum
2071 2255 2257 2310 optativo
2279 2255 2328 2299 ef.
2350 2256 2546 2314 Xenoph.

192 2328 350 2371 Oecon.
381 2327 451 2379 11,
482 2324 558 2367 12:
599 2320 702 2367 ἐπεί
729 2338 799 2372 τις
829 2319 1002 2365 ἐσθίειν
1028 2319 1084 2364 τὰ
1115 2319 1244 2366 ἱκανὰ
1273 2320 1381 2377 ἔχοι,
1414 2321 1673 2367 ἐκπονοῦντι
1704 2316 1856 2379 ὀρθῶς
1884 2320 2052 2374 μᾶλλον
2082 2322 2205 2366 δοκεῖ
2227 2339 2312 2376 μοι
2345 2321 2368 2382 ἦ
2401 2321 2547 2381 ὑγίεια

191 2392 478 2454 παραμένειν.

367 2471 537 2524 Restat,
581 2471 628 2510 ut
663 2466 868 2509 addamus
904 2470 1108 2522 sequente
1137 2480 1263 2509 versu
1302 2466 1453 2508 melius
1482 2461 1554 2509 τοί
1593 2478 1718 2520 quam
1754 2459 1832 2507 τόν
1861 2464 1964 2520 legi3
2009 2478 2106 2507 nam
2136 2463 2208 2510 τοί
2237 2467 2471 2510 subiectum
2502 2468 2545 2510 vi

193 2540 375 2598 quadam
406 2537 559 2591 repetit
589 2539 630 2577 et
661 2534 792 2587 effert,
825 2533 939 2590 quod
969 2533 1047 2575 hoc
1077 2533 1167 2576 loco
1197 2534 1462 2590 aptissimum
1492 2533 1671 2574 videtur.
1705 2554 1756 2560 —

365 2613 528 2657 Versus
557 2611 643 2655 283
673 2625 733 2667 sq.
764 2611 809 2652 in
838 2609 956 2652 libris
985 2610 1045 2652 sic
1075 2613 1261 2652 exstant:

747 2681 892 2730 ἀστῶν
920 2685 1076 2743 μηδενὶ
1106 2684 1268 2737 πιστὸς
1297 2684 1380 2729 ἐὼν
1411 2681 1533 2729 πόδα
1563 2682 1690 2728 τόνδε
1721 2680 1953 2743 πρόβαινε,

886 2749 997 2811 μήθ’
1027 2751 1147 2812 ὅρκῳ
1178 2751 1363 2804 πίσυνος
1391 2749 1501 2811 μήτε
1533 2748 1825 2810 φιλημοσύνῇ,

196 2830 272 2874 sed
300 2844 378 2887 pro
407 2826 625 2889 πρόβαινε
655 2829 699 2872 Κ
730 2829 858 2871 habet
888 2827 1141 2888 προβαίνες,
1175 2834 1217 2872 et
1245 2844 1321 2886 pro
1353 2829 1601 2886 pronomine
1630 2824 1756 2871 τόνδε
1777 2841 1922 2870 omnes
1943 2827 2122 2869 editores
2142 2827 2388 2883 genetivum
2407 2828 2544 2872 τῶνδε

199 2902 461 2954 receperunt,
491 2911 617 2954 quem
647 2896 871 2939 Hermann
901 2897 1090 2940 coniecit.

368 2971 529 3016 Tamen
565 2973 626 3016 ita
663 2973 765 3015 mihi
804 2972 994 3015 nondum
1035 2974 1176 3016 omnia
1213 2974 1256 3014 in
1298 2973 1511 3027 integrum
1540 2971 1735 3013 restituta
1764 2969 1977 3023 videntur3
2020 2967 2239 3010 offendunt
2271 2968 2383 3010 enim
2414 2969 2545 3011 verba

196 3035 322 3083 πόδα
351 3033 582 3096 πρόβαινε,
615 3053 724 3096 quae
753 3053 822 3082 me
851 3053 937 3081 non
967 3040 1140 3082 memini
1169 3053 1357 3095 unquam
1387 3038 1530 3093 legere
1560 3039 1669 3080 nude
1699 3037 1821 3090 dicta,
1853 3049 1913 3088 ea,
1944 3049 2070 3091 quam
2101 3034 2141 3076 h.
2171 3034 2198 3076 1.
2229 3034 2386 3078 habent
2414 3036 2543 3092 signi-

194 3107 401 3160 ficatione,
433 3110 481 3147 ut
506 3119 633 3160 „essa
664 3105 854 3150 versari“
881 3106 1068 3160 valeant,
1100 3107 1174 3150 sed
1205 3119 1369 3162 semper
1400 3106 1542 3148 addito
1572 3109 1646 3146 aut
1675 3106 1773 3156 loco,
1805 3115 1881 3157 quo
1911 3106 2001 3156 quis
2030 3102 2156 3155 pedes
2183 3099 2274 3155 sert,
2306 3107 2380 3143 aut
2409 3105 2541 3158 verba,

195 3177 314 3218 cuius
354 3176 463 3216 actio
503 3174 578 3216 illa
607 3174 809 3218 locutione
839 3177 1080 3217 accuratius
1109 3174 1377 3226 describitur,
1416 3172 1441 3213 i.
1474 3186 1508 3214 e.
1539 3173 1690 3214 locutio
1721 3166 1840 3212 πόδα
1871 3165 2132 3226 προβαίνειν
2161 3182 2370 3223 nunquam
2401 3175 2542 3224 statui,

195 3245 241 3286 in
269 3255 347 3296 quo
377 3244 469 3295 quis
499 3244 577 3293 est,
617 3242 851 3284 denotando
881 3244 1077 3293 inservit,
1115 3242 1190 3284 sed
1220 3252 1399 3294 semper,
1436 3243 1482 3280 ut
1511 3238 1641 3294 ipsius
1671 3236 1892 3279 locutionis
1922 3240 2074 3277 natura
2103 3235 2305 3288 declarat,
2337 3240 2542 3279 actionem

198 3311 405 3363 exprimit.
456 3307 522 3349 Ita
551 3307 732 3362 legimus
759 3309 875 3364 apud
905 3307 1096 3364 Euripid.
1124 3307 1189 3350 El.
1210 3306 1287 3350 94:
1318 3305 1393 3348 καὶ
1423 3303 1602 3357 τειχέων
1631 3303 1710 3357 μὲν
1740 3300 1861 3352 ἐντὸς
1891 3297 1942 3344 οὐ
1970 3298 2109 3355 βαίνω
2140 3297 2274 3344 πόδα.
2327 3303 2540 3358 Aristoph.

198 3375 342 3418 eccles.
380 3374 482 3418 161:
533 3371 616 3430 ἐγώ
648 3371 983 3432 ἑκκλησιάσουσ’
1014 3369 1094 3417 οὐκ
1126 3368 1178 3416 ἃν
1208 3371 1428 3430 προβαίην
1457 3371 1532 3414 τὸν
1563 3367 1684 3415 πόδα
1715 3369 1792 3413 τὸν
1823 3368 1982 3426 ἕτερον.
2044 3368 2189 3425 Eurip.
2219 3368 2378 3411 Phoen.
2412 3367 2542 3411 1412:

198 3438 371 3499 προβὰς
400 3441 448 3486 δέ
478 3442 618 3485 κῶλον
649 3440 795 3493 δεξιὸν
826 3440 883 3485 δι’
914 3438 1122 3499 ὀμφαλοῦ
1153 3443 1350 3500 καθῆκεν
1379 3437 1502 3498 ἔγχος
1532 3433 1799 3496 σφονδύλοις
1826 3435 1861 3478 τ’
1892 3432 2139 3494 ἐνήρμοσεν.
