2704 3906
1223 289 1509 331 ..17-

185 417 258 462 sed
286 431 363 474 pro
394 415 445 460 ὁέ
472 431 542 467 τις
568 431 606 459 v.
630 416 714 460 515
745 418 786 460 A
817 418 946 460 habet
975 431 1056 461 sec.
1087 417 1383 460 Schneidewin
1414 415 1532 475 ὁίης;
1564 433 1600 460 v.
1626 417 1709 461 516
1738 419 1851 461 idem
1882 432 1962 461 sec.
1994 416 2291 463 Schneidewin
2322 417 2540 479 φιλότητο

185 480 310 538 ἔχεις,
340 496 421 525 sec.
451 482 553 537 Mey
584 483 1106 540 κατακεισωσφιλοτητο;
1138 483 1180 526 Κ
1210 483 1394 540 denique
1423 499 1499 541 pro
1529 481 1643 537 ἔχεις
1673 485 1801 528 habet
1831 482 1936 538 ἔχει.

355 550 502 605 Atque
538 549 584 591 in
622 550 688 593 his
727 552 920 593 versibus
950 551 1128 593 verbum
1167 546 1392 593 κατάκεισ’
1432 557 1678 608 corruptum
1716 566 1808 594 esse
1847 553 1946 595 inde
1985 566 2191 609 apparere
2228 554 2331 597 mihi
2362 554 2543 611 videtur,

187 614 297 674 quod
338 629 478 672 neque
516 630 611 658 cum
641 618 991 660 antecedentibus
1020 630 1160 672 neque
1189 630 1286 658 oum
1315 618 1591 673 sequentibus
1621 620 1839 662 consentit.
1901 618 2132 675 Sequentia
2163 634 2263 663 vero
2294 621 2443 664 verba:
2484 618 2545 674 ὡς

187 676 422 742 φιλότητος
456 678 593 735 ἔχεις,
641 698 726 725 11011
765 684 910 736 video,
952 697 1026 725 cur
1064 683 1288 739 vituperes,
1346 684 1458 726 Nam
1498 690 1546 726 ut
1584 698 1659 741 per
1697 699 1742 728 se
1772 686 1979 742 optimum
2009 687 2216 742 praebent
2245 701 2440 742 sensum,
2486 690 2545 732 ita

184 755 386 807 sequente
417 749 594 792 disticho
624 751 811 794 maxime
837 751 1124 803 affirmantur3
1155 750 1286 792 verba
1307 743 1408 793 οὔτε
1429 767 1472 794 τι
1494 752 1584 794 κτλ.
1610 754 1722 795 6111111
1743 753 1957 810 explicant
1977 753 2049 794 illa
2071 749 2131 805 ὡς
2152 750 2393 812 φιλότητος
2412 751 2528 808 ἔχεις

357 815 452 864 Quo
483 830 677 859 concesso
707 818 791 859 iam
822 817 991 872 longius
1021 816 1220 872 progredi
1250 817 1358 859 licet.
1409 819 1454 861 Si
1486 821 1596 877 enim
1618 834 1777 875 versus,
1809 834 1915 877 quos
1945 834 2072 877 supra
2101 821 2415 879 adscripsimus,
2448 836 2544 864 cum

182 883 457 940 sequentibus
489 884 710 928 519—20:

768 946 820 1008 ἢν
850 948 900 992 δέ
928 965 997 1000 τις
1026 947 1189 1007 εἰρωτᾷ
1218 948 1294 992 τὸν
1323 949 1430 1004 ἐμὸν
1458 949 1570 1006 βίον,
1605 945 1694 995 ὧδέ
1725 949 1768 996 οἱ
1800 950 1960 996 εἰπεῖν·

805 1013 865 1068 ὡς
893 1011 941 1060 εὖ
970 1017 1050 1070 μὲν
1075 1016 1295 1070 χαλεπῶς,
1330 1013 1389 1069 ὥς
1416 1019 1622 1071 χαλεπῶς
1653 1018 1700 1062 δὲ
1730 1014 1835 1072 μάλ’
1866 1013 1927 1069 εὖ,

181 1085 500 1139 comparaveris,
532 1098 691 1141 negare
722 1098 807 1126 non
837 1086 995 1140 poteris
1025 1084 1343 1126 similitudinem
1376 1086 1589 1142 quandam
1620 1090 1856 1128 structurae
1884 1087 1996 1128 inter
2026 1090 2228 1143 utrosque
2258 1087 2541 1143 intercedere3

179 1160 278 1192 nam
309 1151 440 1193 verba
470 1147 521 1210 ἢν
553 1149 604 1194 δέ
631 1167 700 1202 τις
728 1166 764 1194 V.
797 1151 881 1194 515
912 1152 967 1193 ad
997 1151 1144 1193 eadem
1177 1166 1215 1194 v.
1244 1151 1328 1195 519
1359 1152 1611 1205 referuntur,
1642 1153 1773 1195 verba
1802 1150 1878 1196 τὸν
1907 1149 2013 1206 ἐμὸν
2041 1149 2142 1206 βίον
2173 1154 2362 1196 eiusdem
2393 1168 2541 1197 versus

179 1217 234 1259 ad
272 1232 522 1274 praegressa
562 1214 621 1268 ὥς
660 1214 898 1274 φιλότητος
935 1214 1052 1271 ἰύζεις
1081 1234 1119 1260 v.
1151 1217 1257 1274 5163
1304 1219 1487 1276 denique
1523 1224 1570 1260 ut
1606 1234 1676 1262 VV.
1706 1218 1878 1263 517—8
1916 1218 2021 1261 illud
2051 1213 2111 1269 ὡς
2141 1215 2382 1277 φιλότητος
2410 1215 2537 1275 ἔῇςεις,

178 1284 238 1326 ita
268 1300 306 1327 V.
338 1284 423 1328 520
453 1286 584 1328 verba
613 1283 690 1327 τὸν
718 1284 824 1338 ἐμὸν
853 1283 952 1338 βίον
981 1287 1218 1328 accuratius
1250 1286 1408 1329 definit.

355 1352 476 1401 Quae
504 1366 599 1394 cum
629 1353 688 1394 ita
718 1353 813 1407 sint,
844 1354 888 1394 in
919 1353 1112 1395 versibus
1134 1353 1318 1406 515—6,
1350 1367 1455 1409 quos
1485 1353 1670 1394 diximus
1691 1358 1910 1409 corruptos
1932 1367 2035 1407 esse,
2067 1354 2193 1395 etiam
2215 1354 2347 1398 verba
2366 1355 2542 1399 infuisse

179 1423 294 1475 puto,
326 1414 547 1474 quaeillis
578 1418 742 1478 εἰρωτᾷ
773 1423 814 1462 61
846 1411 934 1461 ὧδέ
964 1415 1008 1461 οἱ
1040 1418 1183 1462 εἰπεῖν
1212 1420 1530 1477 responderent.
1592 1419 1734 1468 Quare
1763 1420 1872 1472 vide,
1903 1434 2044 1462 nonne
2072 1421 2302 1476 legendum
2332 1423 2405 1465 sit:

1456 1483 1462 1489 ’
1567 1481 1617 1542 ἢν
1648 1484 1698 1528 δέ
1726 1501 1795 1536 τις
1826 1483 1923 1544 εἴρῃ

808 1554 886 1595 σεῦ
918 1551 1050 1609 φίλος
1080 1546 1150 1605 ὤν,
1182 1549 1400 1610 κατάειφᾈ
1435 1549 1494 1603 ὡς
1525 1549 1765 1609 φιλότητος
1793 1550 1918 1606 gnere.

178 1618 275 1661 Jam
314 1623 356 1661 et
396 1620 614 1676 responsio
653 1620 764 1662 inter
804 1618 976 1663 515-6
1016 1624 1058 1662 61
1089 1619 1173 1663 519
1213 1621 1399 1676 perfecta
1438 1624 1481 1662 et
1521 1621 1733 1662 sententia
1773 1626 1837 1662 est
1867 1622 2045 1677 optima:
2088 1621 2150 1674 „si
2182 1622 2276 1677 quis
2305 1623 2466 1665 amicus
2496 1629 2539 1666 te

178 1686 367 1742 rogabit,
398 1686 465 1728 dic
496 1688 535 1728 ei
565 1683 784 1743 aperte'et
813 1687 968 1741 libere,
1009 1687 1145 1743 qualis
1175 1688 1282 1729 ratio
1312 1687 1365 1729 sit
1395 1687 1566 1743 hospitii
1597 1687 1679 1741 tui;
1719 1701 1818 1730 nam
1849 1688 1955 1730 etc.“
2016 1687 2083 1729 De
2114 1683 2321 1744 κατάειφ’
2353 1685 2432 1740 ὡς,
2466 1691 2540 1732 vix

179 1757 261 1807 est,
302 1753 416 1810 quod
457 1767 652 1796 moneam
683 1753 866 1795 Graecos
906 1768 1002 1795 cum
1032 1753 1174 1796 verbis
1213 1754 1380 1796 dicendi
1426 1758 1503 1796 etc.
1542 1758 1584 1795 et
1621 1754 1799 1797 relativa
1839 1759 1880 1796 et
1918 1754 2226 1810 interrogativa
2257 1756 2540 1812 coniunxisse,

179 1820 228 1863 cf.
258 1834 293 1862 e.
324 1834 387 1876 gr.
419 1820 548 1876 Soph.
579 1820 729 1862 Trach.
763 1820 892 1864 1135:
923 1818 1024 1863 εἰπὲ
1054 1818 1091 1862 d’
1120 1812 1150 1879 ᾗ
1182 1824 1308 1871 νοεῖς.
1371 1821 1498 1863 Ratio
1529 1821 1655 1863 huius
1685 1821 1765 1862 loci
1797 1825 1879 1863 est:
1910 1820 1976 1862 dic
2007 1821 2139 1863 libere
2169 1822 2239 1875 ita,
2271 1826 2318 1863 ut
2347 1835 2415 1864 res
2445 1837 2540 1865 cum

178 1887 361 1945 hospitio
391 1892 465 1930 tuo
498 1891 574 1931 est.

159 1951 174 1960 “
353 1953 475 2004 Quae
505 1955 540 1997 si
570 1959 704 2008 recte,
743 1958 790 1995 ut
820 1955 995 2010 opinor,
1032 1955 1246 2011 disputata
1275 1961 1390 2010 sunt,
1422 1970 1509 1998 non
1539 1969 1645 2010 opus
1676 1958 1749 2009 est,
1780 1958 1828 1996 ut
1857 1953 2000 1995 multis
2031 1953 2282 2008 refutemus,
2315 1969 2425 2010 quae
2455 1956 2536 1998 viri

179 2021 290 2065 docti
319 2022 374 2064 ad
405 2023 518 2064 hunc
547 2023 686 2064 locum
719 2021 1031 2064 emendandum
1062 2022 1434 2077 excogitaverunt3
1465 2022 1566 2064 satis
1597 2021 1675 2063 erit
1707 2035 1756 2063 ea
1785 2021 1931 2077 paucis
1950 2021 2221 2065 recensuisse.
2270 2021 2327 2063 Et
2347 2023 2536 2076 Hartuny

178 2089 350 2146 quidem
380 2089 468 2132 cod.
499 2089 541 2131 A
570 2089 751 2131 lectione
781 2089 938 2130 abusus
968 2089 1092 2130 scribi
1123 2089 1231 2131 vult:
1276 2084 1420 2139 ἔνδιος
1449 2083 1564 2147 ἦλθε
1595 2082 1656 2136 εὖ,
1691 2086 1823 2144 φίλος
1853 2082 1932 2135 ὤν,
1975 2101 2060 2143 qua
2091 2087 2262 2143 quidem
2293 2089 2538 2132 coniectura

178 2161 220 2198 et
249 2156 467 2212 responsio
497 2156 608 2198 inter
638 2154 723 2199 515
756 2159 798 2196 et
829 2153 912 2197 519
950 2155 1111 2197 tollitur
1144 2160 1186 2197 et
1217 2171 1255 2198 v.
1287 2155 1370 2198 517
1401 2157 1475 2198 vix
1513 2160 1612 2212 apte
1648 2155 1702 2196 ad
1733 2154 1817 2197 516
1848 2154 2030 2198 additur.
2087 2152 2183 2195 Hoc
2212 2153 2393 2196 alterum
2423 2155 2539 2198 valet

177 2224 304 2266 etiam
335 2223 387 2264 de
408 2223 572 2276 Berykii
601 2223 859 2264 coniectura:
891 2218 1023 2277 φίλος
1052 2217 1112 2263 ὢν
1133 2217 1313 2271 κᾶκεῖσ’,
1348 2219 1407 2273 ὡς
1428 2221 1672 2279 φιλότητας
1691 2218 1780 2279 ἔχῃ,
1814 2226 1856 2263 61
1877 2220 1930 2262 (16
1954 2222 2248 2263 Heimsoethii:
2278 2217 2533 2276 uavdyeoaz

177 2287 237 2341 ὡς
268 2289 399 2347 φίλον
429 2284 536 2348 ἦτορ
565 2285 654 2349 ἔχῃ.
718 2290 841 2338 Quod
872 2303 971 2331 vero
1015 2290 1127 2331 idem
1162 2292 1290 2344 Bergk
1321 2291 1518 2332 coniecit:
1559 2285 1807 2336 ucadxao’,
1851 2281 1885 2328 ὦ
1918 2283 2117 2343 φιλότης,
2151 2283 2240 2330 τότ’
2271 2286 2376 2344 ἐρῶ,
2409 2283 2535 2330 κοῦτε

176 2359 283 2408 κτλ,
314 2358 358 2400 id
390 2358 529 2400 nescio
559 2372 614 2400 an
645 2358 792 2398 ultimo
823 2361 1034 2413 repugnet
1065 2357 1253 2411 disticho,
1285 2357 1359 2399 ubi
1389 2362 1514 2412 poeta
1545 2356 1645 2398 dicit
1676 2369 1720 2398 se
1750 2359 1823 2398 uni
1851 2354 2007 2410 hospiti
2028 2354 2128 2395 satis
2149 2354 2318 2408 habere,
2346 2356 2536 2407 pluribus

174 2439 241 2468 res
272 2438 370 2467 suas
401 2439 487 2466 non
517 2424 722 2466 sufficere.
782 2424 983 2466 Similiter
1013 2437 1080 2466 res
1110 2438 1154 2465 se
1184 2424 1314 2465 habet
1342 2438 1438 2466 cum
1467 2424 1707 2465 coniectura
1739 2423 2065 2465 Schneidewini:
2094 2418 2170 2461 καὶ
2202 2418 2323 2469 κεῖσ’,
2360 2415 2395 2462 ὦ
2428 2419 2533 2477 φίλ’,

173 2488 284 2543 ἔπος
317 2487 404 2533 τόδ’
434 2487 564 2549 ἕρεις,
596 2506 665 2534 vv.
698 2490 868 2534 691-2
898 2490 1146 2546 adiungens,
1178 2495 1221 2532 et
1250 2492 1482 2534 Leutsclzii:
1512 2483 1751 2536 xazdxeco',
1786 2482 1820 2529 ὦ
1852 2483 2052 2543 φιλότης,
2088 2483 2173 2527 τότ’
2204 2485 2334 2545 ἐρεῖς,
2368 2482 2469 2530 aifre
2491 2505 2534 2531 τι

175 2559 266 2602 κτλ.
319 2559 413 2613 His,
446 2573 550 2615 quas
580 2559 728 2600 ultimo
761 2559 850 2599 loco
881 2557 1110 2611 attulimus,
1143 2558 1393 2600 coniecturis
1424 2562 1538 2599 recte
1570 2558 1694 2599 etiam
1718 2551 1941 2598 artificiosa
1963 2559 2004 2596 et
2026 2554 2079 2596 ab
2102 2568 2183 2595 usu
2204 2554 2331 2595 huius
2352 2555 2535 2611 sylloges

174 2627 313 2670 aliena
343 2626 559 2667 collocatio
590 2626 817 2667 verborum
848 2624 971 2666 obiici
1000 2628 1151 2680 potest.

346 2693 578 2748 Reliquum
618 2698 701 2747 est,
743 2698 789 2734 ut
829 2692 882 2734 de
920 2695 1009 2733 toto
1040 2692 1243 2745 carmine,
1283 2690 1393 2747 quod
1426 2691 1599 2733 Leutsclz
1629 2690 1673 2730 in
1703 2688 1911 2743 Philolog.
1942 2686 2119 2740 XXIX,
2159 2699 2198 2742 p.
2233 2685 2316 2730 664
2347 2701 2408 2743 sq.
2438 2702 2532 2744 per-

173 2760 390 2814 tractavit,
421 2774 556 2816 pauca
587 2760 719 2802 verba
747 2759 958 2801 faciamus.
1020 2759 1166 2815 Atque
1198 2759 1371 2801 Leutscli
1402 2761 1497 2812 post
1527 2771 1565 2797 v.
1597 2755 1681 2798 512
1711 2755 1905 2796 lacunam
1936 2754 2107 2804 statuit,
2139 2768 2177 2795 v.
2209 2753 2292 2796 513
2323 2753 2533 2795 scribens:

177 2826 283 2879 νεώς
311 2825 420 2870 ποτί
446 2843 517 2870 τοι
548 2826 639 2868 κτλ.
702 2827 762 2868 Α1
790 2826 894 2867 1111111
924 2839 1092 2868 carmen
1122 2826 1335 2880 integrum
1366 2823 1691 2878 absolutumque
1719 2820 1898 2862 videtur.
1949 2819 2059 2861 Nam
2082 2834 2148 2861 vv.
2172 2819 2374 2862 511—12
2406 2824 2531 2876 poeta

174 2908 344 2936 causam
373 2894 529 2936 indicat
560 2895 916 2948 occasionemque,
948 2906 1033 2948 qua
1062 2892 1142 2934 hoc
1171 2905 1340 2933 carmen
1372 2889 1649 2945 compositum
1679 2887 1746 2936 sit,
1778 2886 2052 2942 sequentibus
2072 2891 2370 2941 argumentum
2392 2886 2530 2942 ipsum

100 2994 105 3009 ss
173 2960 455 3017 persequitur.
513 2960 659 3016 Atque
690 2974 785 3001 cum
817 2973 871 3001 ex
901 2959 1037 3014 primo
1069 2958 1269 3011 disticho,
1309 2956 1382 2998 ubi
1412 2960 1538 3011 poeta
1568 2969 1612 2996 se
1641 2966 1872 3010 pauperem
1902 2965 1995 2993 esse
2023 2952 2236 3007 professus
2267 2956 2347 3006 est,
2391 2953 2530 3007 colligi

174 3027 307 3084 possit
346 3041 443 3068 eum
473 3027 680 3083 hospitem
721 3041 806 3068 non
837 3029 1137 3081 excepturum,
1177 3024 1219 3066 id
1250 3026 1453 3079 sequente
1484 3021 1661 3063 disticho
1692 3020 1858 3061 refutat.
1918 3018 2058 3060 Etiam
2087 3019 2293 3074 particula
2322 3017 2394 3060 τοί
2427 3019 2530 3060 duas

174 3093 405 3137 sententias
446 3091 556 3134 bene
593 3093 834 3147 coniungit,
871 3091 1028 3147 quippe
1059 3105 1167 3147 quae
1197 3090 1465 3133 asseveranda·
1497 3089 1580 3130 vim
1612 3087 1784 3129 habeat:
1808 3098 1950 3139 „sama
1982 3084 2154 3139 utique‘2
2187 3090 2234 3127 ut
2263 3086 2529 3139 sententiam,

175 3174 284 3217 quae
325 3159 674 3201 antecedentibus
703 3160 844 3201 verbis
885 3158 1050 3211 subest,
1093 3158 1310 3199 confirmet
1349 3160 1390 3197 et
1421 3154 1675 3210 comprobet.
1735 3152 1859 3194 Ratio
1890 3152 2020 3207 igitur
2050 3151 2175 3193 huius
2207 3152 2286 3193 loci
2317 3152 2420 3193 haec
2451 3156 2526 3204 est,

174 3232 223 3270 ut
261 3231 388 3284 poeta
426 3226 557 3268 dicat:
598 3230 778 3279 „venisti
818 3227 872 3268 ad
909 3237 992 3278 me,
1035 3229 1279 3279 expectans,
1318 3228 1362 3265 ut
1392 3227 1432 3265 te
1462 3225 1697 3274 accipiam:
1743 3232 1846 3262 sane
1876 3219 1949 3261 tibi
1980 3230 2198 3272 apponam,
2230 3231 2334 3272 quae
2363 3216 2528 3260 Imbe0“.

174 3292 308 3336 Vides
337 3293 468 3348 igitur
498 3292 543 3333 in
574 3292 652 3334 hac
680 3292 886 3348 particula
917 3291 1022 3332 nihil
1051 3291 1200 3343 inesse,
1233 3290 1345 3345 quod
1376 3294 1489 3330 recte
1519 3288 1744 3342 vituperes.

348 3361 413 3402 Ac
442 3364 668 3415 postquam
699 3363 824 3415 poeta
854 3358 963 3400 dixit
992 3370 1037 3398 se
1067 3357 1275 3413 hospitem
1306 3359 1582 3410 excepturum
1614 3365 1807 3408 quaeque
1838 3350 2011 3392 haberet
2041 3351 2200 3407 optima
2221 3350 2522 3406 appositurum,

176 3426 260 3468 iam
291 3427 566 3481 sequentibus
596 3425 737 3467 verbis
767 3424 1002 3466 accuratius
1032 3423 1221 3479 exponit,
1253 3435 1379 3478 quam
1410 3420 1579 3476 hospitii
1610 3420 1662 3460 sit
1691 3419 1895 3459 rationem
1927 3421 2157 3460 secuturus.
2216 3416 2333 3458 Nulli
2363 3416 2423 3458 rei
2453 3417 2524 3470 ait,

177 3506 302 3549 quam
332 3492 505 3547 habeat,
536 3505 581 3534 se
610 3505 854 3548 parsurum,
885 3490 1045 3531 nullam
1074 3493 1364 3531 mutuaturum
1396 3500 1505 3542 esse,
1550 3500 1647 3528 nam
1677 3484 1754 3526 etsi
1783 3482 1837 3524 ad
1865 3485 2007 3538 plures
2037 3483 2222 3539 hospites
2254 3482 2525 3538 excipiendos

2266 3550 2294 3592 4
