2704 3906
1183 283 1432 325 -6-

339 414 493 455 Maiora
532 412 661 453 moliti
700 415 795 452 sunt
824 410 894 450 alii
925 409 1002 450 viri
1031 407 1151 458 docti,
1183 411 1228 447 ut
1259 407 1435 459 Sauppe,
1475 405 1548 458 qui
1579 405 1768 447 coniecit:
1810 402 1977 463 ψυχρόν
2004 422 2083 459 μοι
2114 404 2250 465 πάρα.
2310 410 2387 466 τῆς
2416 409 2464 453 δὲ

169 478 290 534 φίλοι
330 476 501 519 πίνουσι
541 478 704 529 τοκῆες,
745 469 811 524 οἷς
852 471 938 527 ἅμα
983 471 1024 514 θ’
1063 468 1229 527 ὑδρεύει
1267 467 1342 511 καί
1378 485 1432 522 με
1471 467 1599 525 γοῶσ’
1630 465 1818 525 ἅφαρεῖ,
1851 472 1999 514 collato
2029 472 2257 526 Hesychio:
2300 470 2466 530 ἄφαρεῖ

169 543 302 600 ἱδροῖ,
342 539 570 596 ἀνιμᾶται,
612 542 682 582 ubi
722 537 891 596 ὑδρεύει
933 538 1117 592 corrigit3
1166 538 1349 579 Akrens:
1395 532 1559 592 ψυχρὸν
1595 534 1670 578 τὸν
1712 558 1767 565 -
1806 533 1999 579 κλίνουσι
2038 561 2091 567 -
2129 537 2257 592 γοῶσ’
2297 535 2464 596 ἆφορᾷς

171 610 214 651 0.
246 610 487 651 Schneider:
531 605 696 662 ψυχρὸν
733 602 813 662 γάρ
850 621 923 658 μοι
963 602 1092 660 τῆσδε
1132 615 1179 656 φ.
1219 598 1416 642 πνείουσι
1446 616 1482 641 τ.
1521 623 1576 632 -
1619 604 1761 658 θροεῖ.
1824 601 1874 642 In
1912 602 1986 644 has
2021 615 2164 645 omnes
2207 605 2464 646 coniecturas

166 675 290 725 cadit,
332 673 441 728 quod
479 686 603 728 supra
642 676 783 713 contra
813 672 1041 725 Kayserum
1079 667 1333 719 monuimus,
1373 669 1522 720 poetae
1550 667 1740 721 querelas
1770 666 1842 707 vix
1871 667 2047 722 intelligi
2075 681 2214 723 posse,
2260 669 2293 710 si
2322 670 2464 725 puella

169 752 263 780 eum
301 742 411 779 amat
448 751 495 779 ac
525 737 672 779 nesciis
701 736 942 791 parentibus
971 732 1176 775 convenit.
1233 730 1458 772 Praeterea
1486 730 1529 771 in
1559 731 1638 783 eis,
1677 744 1784 786 quae
1816 733 1980 784 Sauppe
2008 733 2200 787 coniecit,
2231 734 2360 776 verba
2387 734 2464 790 τῆς

165 803 211 844 δὲ
250 801 367 857 φίλοι
411 800 583 844 πίνουσι
624 803 777 856 τοκῆες
810 801 1001 850 obscura,
1044 793 1208 852 ἀφαρεῖ
1242 795 1466 848 incertum,
1508 796 1736 850 tautologia
1767 796 1988 838 verborum
2025 793 2197 854 ὖδρεύει
2228 804 2270 841 et
2300 795 2465 855 ἀφαρεῖ

164 869 334 909 molesta
364 872 437 908 est.
493 867 579 908 Nec
608 867 743 907 minus
773 865 1018 906 offendimus
1047 863 1091 904 in
1123 862 1358 904 Seleuciam·
1386 861 1639 903 coniectura:
1670 857 1837 918 ψυχρόν
1865 877 1942 913 μοι
1973 859 2172 906 πνείουσι
2202 866 2367 920 τοκῆες.

330 932 411 974 Sed
443 933 623 974 nondum
645 931 793 982 omnia,
825 943 932 985 quae
951 929 1004 970 ad
1024 929 1098 970 hos
1120 940 1264 968 versus
1285 925 1567 968 emendandos
1587 926 1665 967 viri
1685 926 1795 968 docti
1816 927 2172 982 excogitaverunt,
2203 929 2463 971 enumeravi-

162 1010 264 1037 mus.
323 997 429 1038 Nam
470 1010 610 1038 versus
649 1009 813 1050 quoque
850 993 953 1046 264,
992 994 1063 1049 qui
1106 992 1207 1034 mihi
1249 991 1541 1046 integerrimus
1570 990 1755 1045 videtur,
1800 992 2024 1034 multifarie
2061 997 2247 1036 tentatus
2278 999 2351 1036 est.
2408 993 2464 1035 Et

163 1062 323 1102 Brunck
352 1061 516 1116 quidem
548 1057 572 1116 ἦ
604 1059 653 1102 δέ
680 1058 725 1100 θ’
755 1055 825 1112 ἅμ’
855 1055 1027 1115 ὑδρεύει
1059 1056 1133 1101 καί
1161 1073 1215 1111 με
1245 1058 1392 1112 γοῶσα
1424 1054 1548 1097 καλεῖ
1575 1057 1810 1112 proposuit3
1841 1060 2121 1101 Schneidewin
2149 1063 2308 1103 autem:
2345 1054 2464 1102 οἷσθ’

164 1123 254 1178 ἅμα
284 1123 328 1165 θ’
360 1122 551 1182 ὑδρεύεις
594 1127 819 1168 Heimsoetln
850 1125 1028 1179 denique
1057 1119 1153 1166 ἔσθ’
1184 1135 1259 1178 pro
1289 1119 1400 1164 ὥσθ’
1429 1122 1612 1176 scripsit3
1651 1135 1760 1177 quae
1788 1124 2068 1177 coniecturae,
2098 1138 2192 1166 cum
2220 1138 2463 1181 praegresso

162 1204 283 1232 versu
313 1191 507 1244 nitantur,
536 1192 657 1232 simul
687 1205 780 1232 cum
811 1204 859 1232 eo
890 1194 1002 1231 stant
1030 1189 1348 1243 conciduntque.
1401 1187 1665 1229 Postremum
1695 1188 1820 1229 etiam
1850 1188 2024 1230 verbum
2055 1188 2181 1246 φέρει
2213 1191 2352 1232 multis
2383 1190 2463 1232 dis-

160 1255 314 1310 plicuit,
371 1255 428 1297 Et
457 1270 563 1311 quae
593 1258 764 1309 Sauppe,
797 1257 1027 1309 Schneider,
1057 1257 1215 1297 Akrens
1243 1254 1331 1295 eius
1359 1253 1449 1295 loco
1480 1252 1675 1293 substitui
1705 1253 1938 1307 voluerunt,
1968 1268 2094 1310 supra
2122 1255 2321 1310 vidimus3
2350 1257 2462 1298 Her-

159 1333 284 1363 mann
320 1327 459 1362 autem
494 1321 724 1376 suspicatur
762 1321 859 1362 olim
896 1321 1096 1375 scriptum
1125 1320 1251 1361 fuisse
1279 1316 1421 1375 θέρει,
1456 1319 1614 1360 Goeller
1643 1316 1818 1373 φλέγει,
1849 1321 2079 1364 ΗεὶηιεοείΙι
2108 1322 2276 1376 γελῶσα
2305 1323 2459 1378 θροεῖ,

159 1385 350 1440 idemque
380 1401 415 1427 V.
447 1385 529 1427 265
559 1386 687 1427 verba
716 1381 867 1440 ἀγκῶν’
895 1383 1084 1442 ἐφίλησα
1113 1387 1157 1427 in
1187 1380 1357 1440 ἀγκῶνα
1389 1380 1548 1439 φίλημι
1579 1384 1731 1425 mutari
1761 1385 1863 1426 vult.

325 1451 419 1493 Jam
451 1465 547 1493 vero
577 1451 786 1504 omnibus,
817 1452 859 1493 ni
888 1452 1028 1501 fallor,
1058 1451 1243 1493 virorum
1273 1450 1487 1491 doctorum
1517 1449 1763 1491 coniecturis
1792 1452 2012 1507 propositis
2042 1452 2094 1494 ab
2125 1453 2281 1494 ultimis
2313 1452 2463 1505 exorsi,

160 1515 257 1568 quid
295 1517 413 1558 nobis
452 1517 658 1570 videatur,
705 1530 973 1572 exponamus.
1040 1517 1103 1558 Ac
1138 1530 1177 1557 v.
1215 1514 1300 1558 264
1336 1515 1546 1569 integrum
1587 1526 1676 1555 esse
1712 1528 1837 1570 supra
1875 1515 2070 1559 diximus.
2140 1517 2247 1559 Nam
2288 1517 2460 1558 verbum

159 1578 321 1636 φέρειν,
353 1582 395 1622 in
425 1596 507 1636 quo
535 1582 703 1637 plurimi
733 1583 968 1636 haeserunt,
998 1586 1044 1623 ut
1073 1581 1312 1639 saepissime
1338 1581 1390 1622 de
1409 1581 1542 1633 rebus,
1571 1593 1674 1635 quas
1696 1581 1786 1636 quis
1806 1581 1896 1635 fert,
1926 1587 1973 1623 ut
1993 1579 2120 1631 κακά,
2146 1577 2268 1639 ἷὶλγη,
2301 1583 2461 1638 similia,

157 1645 215 1686 ita
244 1646 450 1687 interdum
481 1646 533 1687 de
562 1649 806 1701 hominibus,
845 1661 948 1703 quos
986 1649 1079 1704 quis
1107 1648 1198 1701 fert,
1230 1647 1390 1689 dicitur.
1449 1645 1579 1694 Quasi
1608 1646 1828 1688 transitum
1858 1661 1883 1688 a
1910 1648 2035 1689 rebus
2064 1648 2117 1690 ad
2146 1649 2333 1691 homines
2363 1649 2464 1690 facit

157 1709 345 1765 Sophocl.
376 1711 476 1752 Oed.
508 1712 606 1767 Tyc.
638 1711 737 1756 675:
783 1709 829 1755 αἱ
866 1712 914 1756 δὲ
951 1714 1155 1756 τοιαῦται
1194 1708 1350 1768 φύσεις
1386 1707 1538 1759 αὑταῖς
1579 1709 1761 1760 δικαίως
1801 1709 1910 1754 εἰσὶν
1939 1707 2141 1767 ὄλγισται
2173 1713 2334 1772 φέρειν.
2398 1714 2462 1755 De

155 1776 313 1817 homine
343 1777 494 1831 legitur
523 1778 708 1819 eiusdem
737 1778 975 1833 tragoediae
1004 1794 1042 1822 v.
1074 1779 1202 1821 1211:
1246 1779 1343 1827 πῶς
1371 1774 1418 1819 αὶ
1445 1775 1651 1833 πατρῷαί
1681 1775 1717 1819 σ’
1749 1771 1901 1828 ἅλοκες
1931 1777 2082 1835 φέρειν
2114 1802 2167 1808 -
2197 1777 2280 1834 σῖγ’
2310 1775 2461 1822 §dovot-

156 1843 300 1895 θησαν
334 1840 378 1891 ἐς
422 1838 620 1896 τοσόνδε,
663 1843 907 1899 Eodemque
944 1845 1066 1886 modo
1104 1844 1344 1899 Xenophon
1383 1856 1552 1885 memor.
1589 1843 1635 1897 2,
1675 1842 1718 1896 2,
1760 1844 1812 1886 10
1849 1843 1966 1886 dicit:
2011 1843 2093 1899 ἐγὼ
2131 1843 2209 1897 μὲν
2250 1839 2388 1897 οἶμαι,
2422 1842 2462 1887 εἰ

155 1903 358 1962 τοιαύτην
385 1904 444 1964 μή
476 1905 658 1950 δύνασαι
689 1907 840 1966 φέρειν
867 1909 1047 1967 μητέρα,
1079 1905 1254 1965 τάγαθά
1284 1923 1332 1951 σε
1362 1903 1413 1950 οὗ
1443 1904 1661 1951 δύνασθαι
1693 1907 1855 1966 φέρειν.
1917 1909 2092 1951 Prorsus
2122 1923 2221 1951 vero
2250 1923 2343 1951 cum
2373 1909 2461 1963 hoc,

156 1986 277 2026 quem
307 1977 548 2026 tractamus,
587 1974 675 2016 loco
706 1977 915 2030 congruit,
954 1975 1066 2031 quod
1095 1975 1289 2030 Xenoph.
1318 1988 1441 2017 mem.
1469 1973 1509 2027 2,
1539 1973 1577 2028 3,
1610 1975 1634 2017 5
1665 1975 1825 2016 scribit:
1862 1971 1970 2024 ἴσως
2005 1970 2056 2016 ἂν
2086 1973 2180 2017 δέοι
2211 1973 2361 2030 φέρειν
2389 1972 2464 2016 τὸν

156 2033 345 2093 ἀδελφὸν
375 2039 447 2081 καὶ
475 2038 536 2097 μὴ
565 2044 732 2098 μικρῶν
761 2040 885 2084 ἕνεκα
916 2038 1102 2098 φεύγειν.
1153 2041 1262 2083 Nam
1287 2045 1335 2082 ut
1355 2041 1421 2081 hic
1440 2040 1568 2082 verba
1586 2038 1646 2096 μὴ
1668 2036 1843 2096 φεύγειν
1862 2041 1989 2083 verbo
2010 2039 2163 2098 φέρειν
2183 2044 2462 2096 opponuntur,

155 2103 299 2146 eodem
329 2106 450 2147 modo
481 2107 524 2147 in
554 2106 810 2162 Theognidis
840 2108 898 2162 (P)
932 2109 1039 2150 loco:
1067 2107 1148 2149 fert
1176 2110 1397 2159 amantem,
1426 2119 1512 2147 non
1539 2105 1658 2161 fugit.

322 2170 462 2225 Atque
492 2185 545 2213 ex
575 2173 653 2214 hoc
683 2186 806 2215 versu
835 2175 1119 2227 cognoscimus
1154 2171 1337 2228 puellam
1366 2176 1590 2228 aquantem
1620 2176 1785 2226 poetam
1816 2172 2037 2214 convenire
2067 2175 2221 2213 etcum
2244 2183 2292 2212 eo
2315 2170 2464 2222 „dulce

155 2234 279 2289 loqui,
313 2235 432 2277 dulce
461 2237 639 2290 ridere“,
668 2242 715 2279 ut
742 2243 945 2293 sequente
975 2238 1149 2280 disticho
1180 2238 1387 2279 docemur.
1437 2236 1558 2286 Quod
1589 2237 1623 2278 si
1643 2249 1741 2278 vere
1761 2250 1808 2277 ac
1837 2239 1993 2279 sincere
2021 2237 2194 2289 faceret,
2226 2250 2309 2278 non
2339 2239 2462 2288 esset,

154 2312 227 2340 cur
256 2306 397 2355 poeta,
434 2306 481 2343 ut
511 2303 700 2344 versibus
726 2302 897 2347 261-2
934 2304 1051 2358 facit,
1093 2303 1283 2359 querelas
1312 2303 1515 2345 funderet.
1572 2302 1695 2344 Nunc
1727 2316 1825 2344 vero
1857 2316 1912 2344 ex
1941 2303 2040 2358 ipsis
2071 2302 2262 2344 versibus
2292 2299 2460 2344 263—6

153 2365 338 2419 sequitur
368 2381 450 2408 non
480 2368 643 2410 solitam
672 2382 720 2410 ac
749 2370 1032 2424 quotidianam
1062 2383 1151 2411 rem
1180 2369 1299 2422 tradi,
1329 2368 1402 2411 sed
1429 2381 1532 2421 eam,
1563 2381 1669 2423 quae
1690 2368 1817 2409 semel
1845 2367 1954 2410 facta
1984 2372 2063 2409 est:
2093 2368 2170 2409 hoc
2200 2367 2461 2409 demonstrat

153 2430 327 2472 aoristus
356 2430 557 2489 ἐφίλησα,
590 2447 714 2489 quem
735 2436 963 2478 Heimsoetlt
993 2435 1045 2477 ob
1075 2435 1181 2476 hanc
1210 2448 1376 2476 causam
1394 2434 1596 2476 removeri
1618 2434 1727 2487 vult3
1757 2433 1951 2488 idemque
1970 2434 2147 2474 aoristus
2167 2431 2456 2474 antecedentia

154 2498 385 2550 praesentia
424 2498 543 2540 docet
580 2499 774 2541 historica
815 2514 916 2542 esse.
973 2501 1116 2556 Atque
1153 2500 1259 2542 hanc
1294 2514 1384 2542 rem
1413 2500 1447 2540 si
1475 2512 1570 2540 cum
1600 2499 1778 2554 querelis
1809 2499 1930 2554 primi
1959 2498 2123 2540 distichi
2153 2498 2458 2544 contulerimus,

153 2575 236 2603 non
277 2563 358 2603 iam
399 2563 700 2618 dubitabimus,
742 2566 841 2620 quin
880 2566 944 2607 his
975 2566 1164 2607 versibus
1201 2570 1350 2620 agatur
1380 2565 1432 2606 de
1461 2564 1704 2619 decipiendo
1735 2569 1870 2620 poeta,
1911 2564 1962 2606 de
1990 2565 2149 2619 laqueis
2179 2564 2217 2605 ei
2246 2562 2459 2619 ponendis.

153 2627 357 2670 Existimo
387 2630 513 2683 igitur
543 2645 580 2671 v.
610 2630 694 2674 263
732 2631 955 2685 legendum
985 2646 1090 2673 esse:
1134 2627 1303 2687 ψυδρόν
1331 2645 1408 2682 μοι
1439 2627 1563 2687 παρὰ
1590 2629 1695 2687 τῇδε
1726 2628 1849 2685 φίλοι
1879 2627 2107 2672 ἐπινοοῦσι
2137 2630 2302 2686 τοκῆες.
2363 2628 2460 2670 Jam

153 2694 291 2734 omnia
321 2699 483 2748 patent:
514 2701 716 2750 parentes,
747 2697 880 2752 inquit
909 2702 1044 2752 poeta,
1075 2697 1188 2750 falsa,
1219 2698 1243 2738 i.
1276 2710 1309 2738 e.
1340 2697 1500 2749 dolum,
1538 2696 1725 2749 insidias,
1757 2698 1798 2738 in
1829 2710 1895 2738 me
1924 2696 2163 2751 excogitant
2190 2694 2302 2750 apud
2333 2693 2458 2734 filiam

152 2760 240 2800 sive
268 2773 393 2814 opera
422 2760 551 2814 filiae,
589 2763 612 2804 i.
645 2775 679 2803 e,
709 2763 786 2814 ita,
817 2766 863 2802 ut
892 2763 976 2803 filia
1017 2763 1158 2804 dolum
1188 2762 1394 2818 perficiat,
1435 2761 1604 2803 insidias
1634 2766 1783 2816 struat3
1820 2762 1935 2804 vides
1964 2762 2091 2816 igitur
2120 2774 2173 2802 ne
2201 2759 2303 2800 illud
2334 2754 2459 2816 παρὰ

151 2824 254 2882 τῇδε
285 2826 451 2880 quidem
482 2826 658 2869 otiosum
690 2841 790 2879 esse,
820 2832 867 2868 ut
897 2828 1086 2869 nonnulli
1116 2831 1381 2883 putaverunt.
1439 2826 1534 2869 Hoc
1563 2840 1661 2868 vero
1691 2833 1910 2883 parentum
1940 2826 2108 2869 consilio
2139 2830 2327 2882 permota
2359 2824 2460 2881 quid

152 2890 235 2931 filia
264 2891 415 2943 fecerit,
447 2906 569 2933 versu
597 2891 682 2935 264
711 2893 899 2947 docetur-3
929 2894 1070 2948 itaque
1099 2894 1223 2934 etiam
1255 2889 1366 2936 ὥστε
1396 2897 1508 2935 recte
1537 2905 1581 2933 se
1610 2893 1747 2935 habet.

322 2956 438 3004 Quae
466 2970 557 2997 cum
588 2958 645 2999 ita
675 2959 768 3010 sint,
798 2972 885 2999 rem
915 2971 1081 2999 omnem
1101 2959 1159 2999 sic
1178 2959 1316 3001 animo
1338 2959 1543 3014 fingimus.
1592 2958 1722 2999 Poeta
1743 2958 1923 3014 puellam
1943 2957 2114 3013 deperit,
2145 2957 2261 2999 cuius
2281 2956 2458 3012 gratiam

151 3021 230 3062 sibi
259 3022 540 3064 conciliavisse
570 3023 745 3065 videtur.
806 3023 887 3065 Sed
918 3025 1024 3066 alius
1053 3025 1304 3080 supervenit,
1334 3037 1487 3081 genere
1515 3023 1585 3064 ille
1616 3024 1782 3078 quidem
1812 3027 1935 3079 poeta
1964 3022 2145 3075 inferior,
2176 3021 2249 3064 sed
2278 3021 2459 3077 pecunia

153 3086 360 3141 superior,
400 3088 466 3128 cui
502 3088 583 3128 iam
618 3090 706 3143 ipsa
744 3089 883 3144 puella
922 3090 1092 3145 eiusque
1122 3094 1314 3145 parentes
1350 3091 1502 3132 favent.
1563 3088 1698 3137 Quam
1737 3089 1791 3131 ob
1820 3101 1909 3130 rem
1939 3092 1985 3129 ut
2013 3093 2179 3144 poetam
2209 3088 2456 3140 deterreant,

152 3165 236 3193 non
266 3152 348 3192 iam
377 3152 625 3206 admittunt3
655 3154 726 3195 sed
756 3168 850 3196 cum
879 3155 946 3196 hic
976 3155 1073 3197 novi
1102 3156 1271 3210 ignarus
1300 3155 1451 3197 amoris
1480 3168 1601 3196 suum
1631 3167 1814 3196 amorem
1843 3166 1942 3209 prae
1972 3167 2016 3195 se
2035 3153 2147 3195 ferre
2167 3165 2250 3195 non
2270 3150 2456 3205 desistat,

154 3216 294 3258 dolum
324 3218 584 3272 excogitant,
615 3233 695 3273 quo
726 3233 820 3260 eum
850 3220 1108 3262 ulciscantur.
1168 3220 1316 3262 Puella
1345 3221 1455 3262 enim
1485 3224 1682 3275 aquatum
1712 3220 1764 3274 it3
1802 3222 1945 3274 poeta,
1977 3219 2066 3274 qui,
2097 3222 2143 3260 ut
2170 3218 2296 3271 solet,
2325 3229 2458 3273 prope

154 3286 227 3334 est,
256 3283 448 3335 accurrit,
489 3287 536 3324 ut
565 3297 656 3324 eam
686 3285 915 3326 conveniat.
974 3284 1044 3326 Ex
1075 3287 1300 3341 composito
1328 3287 1399 3328 illa
1435 3289 1601 3342 poetam
1638 3287 1719 3327 fert
1749 3289 1895 3341 questa
1924 3284 2132 3327 fortunam
2160 3297 2297 3336 suam,
2337 3284 2455 3338 quasi

152 3361 178 3389 a
206 3348 448 3403 parentibus
477 3363 570 3391 cum
600 3350 754 3392 amasio
785 3351 979 3406 congredi
1010 3351 1271 3408 impediatur.
1319 3352 1430 3401 Quid
1460 3355 1645 3394 secutum
1676 3351 1739 3406 sit,
1769 3350 1950 3392 carmine
1978 3350 2067 3406 ipso
2086 3362 2170 3392 non
2190 3348 2455 3404 describitur3

154 3413 226 3454 sed
255 3427 309 3455 ex
338 3415 535 3469 querelis,
573 3428 680 3470 quae
714 3416 767 3456 ab
803 3417 919 3458 initio
962 3418 1154 3460 carminis
1193 3418 1407 3472 leguntur,
1444 3416 1631 3458 concludi
1668 3417 1766 3458 licet
1793 3420 1960 3472 poetam
1988 3414 2245 3458 intellexisse
2273 3415 2399 3458 alium
2431 3428 2456 3456 a
