2704 3906
1195 288 1471 331 ..12-

192 429 387 478 inimioos,
415 426 449 467 si
479 422 578 479 quid
607 422 650 463 in
681 435 755 464 nos
783 421 1069 476 peccaverunt,
1098 419 1178 469 ipsi
1206 414 1344 456 statim
1374 413 1513 455 ulcisci
1543 412 1733 456 solemus.
1790 412 1926 468 Ergo,
1968 426 2061 456 cum
2092 415 2130 457 h.
2160 415 2186 456 l.
2215 419 2339 470 poeta
2366 418 2480 462 lovis

193 495 390 538 auxilium
419 490 612 542 imploret,
642 486 848 541 sequitur,
890 488 936 525 ut
976 480 1149 523 inimicis
1183 478 1464 531 succubuerit,
1507 482 1664 522 inimici
1706 482 1795 532 ipso
1822 482 2071 532 potentiores
2098 477 2201 532 facti
2229 484 2338 524 sint:
2380 481 2482 525 haec

192 560 477 611 corruptorum
507 551 725 594 verborum
755 549 878 591 fuerit
906 545 1112 590 sententia
1140 555 1307 584 necesse
1336 547 1408 585 est.

357 618 427 660 Ab
456 618 531 659 hac
560 628 669 668 vero,
700 627 806 670 quae
835 611 1064 654 necessario
1096 608 1331 663 requiritur,
1360 607 1567 649 sententia
1585 607 1822 660 abhorrent,
1852 620 1959 663 quae
1978 609 2057 650 viri
2077 609 2186 652 docti
2206 610 2480 666 coniecerunt,

193 692 238 728 ut
267 687 470 727 Hmnann
501 678 805 735 δυνησομένη-ν,
841 677 1087 721 Boissonadc
1117 671 1434 729 δυνησομένων,
1469 674 1566 716 Geel
1592 668 1937 728 ὀδυνησομένων,
1970 674 2163 728 Schaeser
2193 674 2478 732 δυνησομένῳ,

191 752 318 804 Bequ
347 744 667 803 ὄδυνησέμεναι,
699 747 860 798 Sauppe
890 737 1180 797 δυνησαμένῳ,
1210 739 1439 781 ΗσὶηιεοεΐΙι
1465 734 1613 790 μείζω,
1645 733 1791 795 Κύριθ,
1821 732 1975 793 ‹3615qu
2003 737 2201 792 &dueum
2249 741 2330 784 His
2355 742 2483 797 igitur

191 815 379 857 omnibus
416 812 576 854 reiectis
614 808 856 852 coniecturis
897 805 1089 861 equidem
1126 807 1226 860 puto
1257 802 1520 845 scribendum
1550 816 1656 845 esse:
1704 801 2027 858 δυνησαμένων,
2072 806 2098 848 i.
2129 820 2162 849 e.
2193 808 2263 863 qui
2291 821 2358 850 me
2387 808 2481 863 plus

190 881 429 935 potuerunt,
471 876 720 932 potentiores
755 873 938 923 fuerunt,
982 871 1049 912 vel
1090 870 1125 912 si
1162 869 1216 911 ad
1252 882 1318 911 res
1356 868 1622 922 Megarenses
1660 868 1833 921 referas,
1872 869 1943 923 qui
1981 882 2055 911 nos
2089 869 2368 915 dominatione
2397 873 2481 929 pri·

193 947 406 985 vaverunt.
465 941 634 982 Insolita
677 942 815 980 autem
857 940 898 977 et
935 934 1139 987 obsoleta,
1185 934 1262 976 etsi
1297 933 1407 989 apud
1445 933 1675 975 Homerum
1714 947 1797 975 non
1838 948 1930 975 raro
1969 934 2139 990 legitur,
2182 937 2314 980 forma
2341 938 2481 981 (ιω-ἰδῇ

190 1002 455 1062 ἑδυνησάμην
484 1005 646 1047 videtur
674 1015 796 1044 causa
826 1000 1083 1055 corruptelae
1113 999 1248 1041 fuisse.

357 1072 549 1114 Ceterum
579 1070 630 1112 de
659 1069 734 1110 hac
763 1066 998 1123 precatione
1027 1065 1075 1107 cf.
1105 1065 1298 1120 Xenoph.
1327 1064 1458 1106 Hiero
1487 1063 1535 1117 2,
1573 1063 1601 1106 2
1632 1068 1672 1105 et
1701 1062 1747 1118 6,
1789 1064 1862 1118 12,
1903 1065 1974 1107 ubi
2003 1067 2169 1121 tyranni
2198 1067 2336 1111 felices
2363 1082 2482 1125 prae·

188 1138 392 1190 dicantur,
431 1136 539 1191 quod
581 1138 676 1176 sunt
716 1128 974 1174 ἱκανώτατοι
1014 1131 1213 1172 κακῶσαι
1248 1128 1326 1182 μὲν
1355 1125 1551 1187 ἐχθρούς,
1584 1124 1738 1186 ὀνῆσαι
1769 1129 1816 1172 δὲ
1846 1127 2020 1185 φίλους,
2064 1132 2250 1175 similiter
2279 1133 2412 1190 Cyrus
2438 1135 2481 1177 in

189 1203 335 1258 Cyrop.
366 1202 405 1253 8,
434 1201 472 1254 7,
503 1199 529 1242 7
560 1212 620 1252 e0,
650 1212 771 1254 quem
803 1197 982 1239 moriens
1011 1196 1063 1237 ad
1093 1195 1245 1237 amicos
1276 1195 1412 1248 habet,
1442 1208 1633 1236 sermone
1662 1195 1844 1238 maxime
1871 1196 2083 1250 gloriatur,
2114 1199 2224 1253 quod
2253 1195 2378 1252 ,ποὺς
2405 1201 2482 1253 μὲν

188 1266 342 1323 φίλους
376 1265 550 1308 ἐπεῖδον
580 1264 636 1306 δι’
672 1262 778 1316 ἐμοῦ
816 1257 1075 1314 εὐδαίμονας
1111 1259 1381 1315 γενομένους,
1422 1256 1522 1309 τούς
1558 1258 1606 1302 δὲ
1635 1258 1874 1312 πολεμίους
1902 1257 1975 1302 ὑπ’
2004 1259 2112 1314 ἐμοῦ
2141 1262 2483 1322 δουλωθέντας“;

187 1332 296 1374 idem
334 1331 431 1373 ibid.
461 1330 514 1372 28
551 1330 655 1371 filios
693 1328 901 1370 admonet:
939 1323 1039 1378 τοὺς
1077 1325 1231 1382 φίλους
1266 1322 1585 1383 εὐεργετοῦντες
1621 1324 1693 1367 καὶ
1731 1325 1832 1376 τοὺς
1869 1325 2053 1383 ἐχθροὺς
2081 1325 2322 1386 δυνήσεσθε
2352 1328 2482 1374 κολά-

189 1396 287 1449 ζειν,
318 1398 409 1439 alia.
440 1418 493 1425 —

354 1463 509 1504 Versus
544 1458 624 1502 341
663 1472 723 1514 sq.
762 1458 946 1499 eiusdem
981 1462 1078 1498 sunt
1113 1457 1348 1512 argumenti
1385 1470 1434 1498 ac
1470 1470 1538 1498 VV.
1568 1454 1778 1499 337—40.
1835 1456 1976 1512 Atque
2006 1472 2045 1501 v.
2073 1458 2154 1501 341
2196 1460 2238 1501 in
2275 1460 2484 1504 codicibus

186 1530 244 1571 sic
271 1529 438 1583 legitur:

735 1584 858 1636 ἀλλὰ,
890 1590 989 1636 Ζεῦ,
1020 1583 1196 1630 τέλεσόν
1222 1603 1315 1640 μοι,
1343 1582 1571 1639 Ὀλύμπιε,
1603 1585 1775 1644 καίριον
1806 1581 1947 1644 εὖχήν;

185 1667 257 1709 sed
287 1665 384 1721 quid
416 1665 455 1707 h.
486 1666 509 1706 l.
539 1664 788 1706 adiectivum
818 1659 990 1719 καίριον
1018 1662 1241 1717 significet,
1280 1666 1420 1704 mente
1457 1661 1622 1716 assequi
1650 1675 1733 1703 non
1762 1674 1948 1717 possum3
1987 1675 2070 1704 non
2101 1663 2226 1718 enim,
2269 1669 2316 1706 ut
2344 1667 2481 1721 vulgo,

181 1737 475 1786 „opportunus,
515 1729 668 1784 aptus‘2
699 1729 866 1781 similia,
906 1728 1043 1770 valere
1072 1731 1220 1783 potest.
1277 1728 1419 1782 Atque
1454 1727 1542 1768 eius
1571 1727 1660 1768 loco
1691 1728 1905 1781 Emporias
1933 1727 2182 1770 adiectivum
2212 1725 2360 1787 κύριον
2389 1746 2483 1787 pro-

185 1798 338 1853 posuit:
363 1809 590 1850 „summam
619 1809 754 1837 meam
782 1809 830 1836 ac
856 1792 1061 1848 primam“
1084 1793 1377 1848 precationem.
1435 1792 1584 1834 Melius
1613 1792 1655 1833 id
1676 1792 1864 1847 quidem3
1895 1806 2146 1849 quamquam
2167 1795 2358 1850 equidem
2379 1801 2481 1852 puto

185 1863 394 1918 elegorum
434 1866 598 1918 poetam
635 1875 718 1902 non
758 1859 904 1914 formis
941 1861 1180 1902 masculinis
1217 1856 1388 1915 καίριον
1425 1862 1466 1900 et
1504 1853 1672 1914 κύριον,
1713 1858 1785 1900 sed
1818 1857 2028 1910 femininis
2058 1857 2232 1917 καιρίαν
2261 1865 2303 1902 et
2331 1860 2482 1920 κυρίαν

185 1942 330 1970 usuros
360 1928 502 1981 fuisse3
547 1941 641 1969 nam
680 1927 765 1969 fere
804 1927 941 1976 Attici,
988 1939 1070 1967 non
1105 1927 1242 1968 ,1οηὶσὶ
1279 1925 1498 1980 scriptores
1535 1924 1638 1965 haec
1676 1924 1881 1966 adiectiva
1916 1938 1991 1980 per
2029 1924 2130 1967 duas
2173 1926 2482 1971 terminationes

184 1993 457 2048 frequentant.
516 1993 654 2041 Quare
690 1992 828 2034 nescio
868 2005 923 2033 an
951 1991 1180 2045 antiquitus
1210 1990 1407 2045 scriptum
1436 1988 1582 2030 fuerit:
1625 1986 1829 2041 ποίνιμον
1858 1985 1999 2047 εὐχήν,
2045 1992 2155 2046 quod
2184 1993 2273 2048 ipso
2303 1994 2483 2037 carmine

185 2061 338 2115 optime
367 2059 700 2112 commendatum
731 2059 883 2100 ultoria
913 2057 1022 2098 enim
1051 2056 1232 2111 precatio
1262 2055 1340 2120 hoc
1371 2068 1535 2096 carmen
1565 2060 1677 2097 recte
1706 2056 1907 2111 appellari
1935 2062 2080 2112 potest.
2110 2079 2166 2086 -

354 2133 501 2189 Neque
529 2134 572 2174 in
601 2131 869 2187 sequentibus
899 2131 1088 2172 versibus
1119 2130 1190 2186 qui
1219 2131 1263 2172 in
1293 2129 1502 2171 codicibus
1531 2129 1588 2170 sie
1618 2130 1859 2172 traduntur:

722 2199 827 2248 αἶσα
855 2203 937 2262 γὰρ
968 2202 1105 2254 οὕτως
1134 2201 1238 2247 ἐστι’.
1299 2201 1412 2254 τίσις
1442 2201 1477 2245 δ’
1508 2198 1558 2245 οὗ
1589 2202 1793 2258 φαίνεται
1827 2200 1927 2261 ἡμῖν

855 2267 1033 2327 ἀνδρῶν,
1067 2268 1114 2312 o‘i'
1139 2265 1256 2323 τάμὰ
1283 2265 1465 2327 χρήματ’
1493 2265 1638 2322 ἔχουσι
1667 2267 1742 2327 βίῃΙ

720 2332 979 2393 συλήσαντες
1009 2336 1098 2377 κτλ.

183 2412 320 2454 omnia
349 2411 455 2453 bene
484 2410 724 2466 procedunt.
780 2410 888 2452 Nam
919 2411 996 2452 etsi
1025 2409 1304 2452 confitendum
1335 2414 1397 2452 est
1426 2410 1515 2452 sine
1543 2410 1627 2451 ulla
1657 2409 1882 2452 offensione
1910 2410 2135 2452 orationem
2166 2412 2224 2453 sic
2253 2412 2482 2454 continuari

182 2478 384 2534 potuisse,
415 2482 460 2518 ut
489 2481 611 2532 poeta
641 2476 810 2518 diceret:
840 2476 918 2518 hoc
947 2477 1057 2518 enim
1086 2476 1216 2518 fatum
1247 2479 1320 2529 est,
1352 2489 1403 2517 sc.
1434 2475 1622 2517 11011111108
1652 2479 1693 2516 et
1722 2475 1830 2518 bona
1861 2481 1902 2518 et
1929 2477 2035 2518 mala
2064 2476 2237 2531 habere3
2274 2482 2318 2519 at
2349 2477 2480 2532 (apud

182 2557 256 2584 nos
294 2556 377 2584 non
411 2542 545 2597 viget,
586 2542 700 2595 nam)
738 2543 857 2584 nobis
894 2543 996 2584 ultio
1040 2556 1124 2584 non
1161 2541 1364 2596 contingit
1401 2554 1561 2595 eorum,
1606 2541 1676 2596 qui
1713 2545 1804 2583 etc:
1850 2546 1988 2584 tamen
2022 2541 2100 2583 hoc
2137 2543 2258 2585 modo
2295 2543 2329 2585 si
2357 2547 2482 2599 poeta

180 2609 440 2664 perrexisset,
470 2622 611 2650 versus
641 2607 858 2652 349—50:
2341 2621 2343 2623 ·

718 2675 802 2716 τῶν
831 2671 898 2729 εἴη
929 2672 1062 2726 μέλαν
1091 2666 1199 2726 αἷμα
1229 2675 1348 2715 πιεῖν
1377 2669 1454 2714 ἐπί
1480 2672 1517 2712 τ’
1546 2669 1708 2721 ἐσθλὸς
1736 2666 1886 2729 ἷίροιτο

875 2737 1053 2792 δαίμων,
1086 2732 1136 2790 ὃς
1164 2736 1255 2780 κατ’
1285 2736 1390 2791 ἐμὸν
1420 2739 1519 2781 νοῦν
1545 2736 1733 2780 τελέσειε
1763 2734 1880 2780 τάδε.

183 2809 297 2852 haud
340 2811 463 2854 dubie
501 2813 717 2854 omittendi
755 2818 885 2855 erant.
957 2814 1090 2856 Poeta
1125 2813 1253 2866 enim,
1299 2817 1518 2868 postquam
1553 2812 1744 2854 omnibus
1782 2812 1908 2855 rebus
1945 2811 2170 2868 desperatis
2213 2813 2478 2856 exclamavit:

182 2873 295 2927 τίσις
332 2875 368 2919 δ’
406 2873 458 2919 οὗ
497 2876 699 2934 φαίνεται
740 2875 839 2935 ἡμῖν
876 2881 985 2928 κτλ.,
1031 2893 1116 2921 11011
1151 2879 1234 2920 iam
1271 2878 1407 2920 redire
1443 2882 1580 2934 potest
1615 2878 1668 2920 ad
1697 2879 1977 2934 precationem
2005 2877 2137 2932 illam,
2182 2883 2228 2920 ut
2257 2878 2479 2921 ulciscendi

178 2942 351 2984 facultas
387 2943 465 2985 sibi
500 2944 630 2986 detur.
687 2946 820 3001 Atqui
856 2946 931 2988 hos
960 2959 1106 2987 versus
1141 2957 1225 2986 non
1266 2949 1347 2998 est,
1387 2943 1498 3000 quod
1535 2944 1816 2999 reprehendas
1855 2947 1927 2986 aut
1964 2947 2112 3000 poetae
2147 2943 2335 2999 abroges.
2392 2944 2478 2987 Ex-

179 3007 315 3050 istimo
345 3008 472 3064 igitur
501 3024 575 3066 pro
606 3005 657 3052 οὐ
687 3008 891 3066 φαίνεται
924 3011 1022 3054 011111
1051 3010 1251 3066 scriptum
1277 3010 1427 3052 fuisse:
1456 3003 1511 3053 αὖ
1541 3007 1754 3065 φαίιὀιθ’,
1788 3009 1898 3066 quod
1916 3009 2073 3051 librarii
2091 3013 2260 3066 propter
2279 3010 2477 3052 rariorem

180 3086 323 3116 versus
352 3076 686 3131 compositionem
717 3100 772 3107 —
800 3078 844 3120 in
873 3078 1018 3133 quinto
1049 3076 1159 3118 enim
1187 3074 1295 3131 pede
1325 3074 1533 3131 spondeus
1561 3079 1622 3117 est
1653 3099 1706 3105 -
1736 3077 1780 3118 in
1811 3070 1862 3117 οὗ
1893 3071 2094 3130 φαίνεται
2123 3078 2401 3117 mutaverunt.
2421 3095 2475 3103 —-

349 3148 481 3191 Poeta
509 3163 607 3192 vero
637 3151 863 3193 secundum
893 3150 1053 3193 codices
1082 3150 1142 3192 sic
1169 3149 1325 3205 pergit:

1019 3221 1101 3279 ἐγώ
1132 3222 1180 3266 δὲ
1209 3218 1323 3264 κύων
1351 3220 1545 3280 ἐπέρησα
1572 3219 1804 3281 χαράδρην,

824 3286 1044 3347 χειμάρρῳ
1073 3290 1262 3345 ποταμῷ
1291 3284 1416 3331 πάντ’
1446 3283 1816 3342 ἀποσεισάμενος,

182 3352 332 3409 quibus
360 3354 404 3395 in
431 3354 569 3396 verbis
597 3354 699 3396 mihi
730 3355 1035 3398 substantivum
1065 3350 1179 3397 κύων
1203 3355 1277 3398 vix
1305 3358 1418 3397 recte
1447 3366 1492 3396 se
1520 3352 1675 3397 habere
1702 3355 1878 3398 videtur.
1925 3354 2033 3397 Nam
2061 3358 2108 3396 ut
2137 3348 2262 3400 κύων,
2293 3351 2336 3394 id
2367 3350 2478 3408 quod

181 3431 265 3461 non
294 3432 505 3474 nunquam
535 3433 612 3462 usu
641 3421 767 3474 venit,
797 3420 942 3464 eodem
962 3420 1083 3463 modo
1103 3425 1231 3476 atque
1251 3417 1414 3478 ὥσπερ,
1444 3415 1502 3470 ὡς
1521 3414 1634 3461 κύων
1653 3421 1950 3477 comparationi
1969 3418 2246 3463 instituendae
2265 3418 2479 3473 inserviat,
