2704 3906
95 433 239 474 versu3
281 415 529 474 pronomine
569 415 698 458 τοῦτο
730 427 830 456 vero
871 413 1127 468 subiectum,
1166 415 1192 456 i.
1224 427 1259 455 e.
1292 415 1419 471 σιγᾶν
1449 410 1552 463 αἰεί,
1586 414 1746 470 optime
1775 413 1983 470 repetitur
2014 417 2057 456 et
2087 414 2246 456 maiore
2278 414 2461 471 quadam

96 487 140 530 vi
169 486 351 530 effertur.
410 483 642 526 Scribimus
670 482 819 537 igiturt

795 546 871 591 καὶ
901 548 1027 604 σιγᾶν
1060 545 1152 590 αἰεὶ
1182 543 1313 590 τοῦτό
1345 562 1393 603 γε
1424 548 1522 598 πῶς
1552 542 1757 603 δυνατόν;

96 618 452 674 Interrogativum
482 617 581 667 πῶς
610 616 779 672 saepius
807 616 868 658 ita
897 619 1139 671 usurpatur,
1171 619 1218 656 ut
1249 629 1298 657 00
1329 629 1396 658 res
1426 615 1568 672 aliqua
1597 620 1790 671 negetur,
1822 614 1875 656 cf.
1906 612 2101 671 Sophocl.
2133 615 2242 658 Phil.
2263 615 2331 658 41.
2363 615 2462 660 250.

96 683 194 743 754⁵.
221 686 316 729 alia.
349 708 403 714 —-

267 751 472 795 Versibus
503 750 586 795 659
618 764 677 807 sq.
708 753 834 806 poeta
863 752 1017 803 monet,
1048 762 1103 791 ne
1134 748 1227 805 quis
1257 747 1337 790 hoc
1367 749 1470 790 illud
1502 763 1588 792 non
1617 749 1808 791 futurum
1839 762 1930 791 esse
1960 747 2149 804 adiuret3
2180 762 2292 804 nam,
2323 749 2464 805 pergit

94 825 220 878 poeta
249 835 288 863 v.
320 817 404 863 660
434 817 664 861 secundum
696 817 930 872 vulgatam:

579 933 588 939 α
733 881 839 925 θεοὶ
869 879 951 941 γάρ
982 898 1054 927 τοι
1085 879 1310 936 νεμεσῶσ’,
1343 876 1459 926 οἷσιν
1488 878 1644 926 ἔπεστι
1674 880 1815 933 τέλος.

557 948 632 992 καὶ
663 949 831 1008 πρῆξαι
861 948 1014 1003 μέντοι
1043 965 1102 993 τι.
1165 947 1241 993 καὶ
1272 947 1321 992 ἐκ
1354 951 1494 991 κακοῦ
1524 948 1691 995 ἐσθλὸν
1721 946 1867 1006 ἔγεντο
1900 949 1991 991 κτλ.

93 1020 351 1063 Particulam
392 1015 464 1060 τοί
493 1033 532 1061 v.
564 1016 648 1062 660
678 1019 891 1061 Hermann
931 1018 1117 1074 scripsit3
1158 1031 1257 1060 nam
1286 1017 1384 1059 libri
1413 1017 1556 1060 AOK
1595 1017 1755 1060 habent
1783 1016 1845 1068 τέ,
1879 1017 2034 1074 reliqui
2064 1014 2141 1059 καὶ
2170 1011 2267 1074 γάρ.
2330 1016 2464 1060 Recte

94 1087 138 1129 id
175 1087 366 1143 quidem3
404 1086 479 1128 sed
516 1085 576 1127 ita
612 1097 758 1127 versus
798 1084 989 1127 nondum
1023 1086 1067 1127 in
1104 1084 1272 1140 integra
1311 1083 1496 1126 restituti
1540 1088 1651 1128 sunt.
1710 1084 1822 1126 Nam
1861 1084 1963 1141 quid
2003 1084 2136 1126 verba
2173 1083 2250 1127 καὶ
2293 1082 2462 1142 πρῆξαι

92 1152 245 1209 μέντοι
274 1169 319 1197 τι
349 1153 429 1196 sibi
450 1152 609 1206 volunt,
641 1165 751 1207 quae
780 1164 919 1208 neque
950 1165 1005 1194 ex
1034 1151 1387 1195 antecedentibus
1417 1164 1557 1207 neque
1579 1164 1634 1193 ex
1655 1151 1932 1208 sequentibus
1952 1155 2053 1208 apta
2073 1152 2201 1193 sunt?
2247 1152 2463 1195 Maximae

93 1236 194 1265 vero
226 1222 448 1265 offensioni
491 1223 553 1262 est
581 1219 790 1275 particula
819 1217 991 1271 μέντοι,
1025 1232 1109 1275 qua
1139 1219 1348 1275 oppositio
1379 1217 1571 1272 infertur,
1604 1231 1714 1273 quae
1743 1218 1788 1260 in
1819 1218 2171 1261 antecedentibus
2202 1233 2289 1261 non
2320 1219 2463 1275 habet,

93 1303 177 1346 quo
207 1289 425 1332 referatur.

266 1355 413 1415 Atque
450 1355 530 1398 viri
570 1354 682 1397 docti
721 1353 792 1395 alii
837 1354 960 1396 aliter
999 1354 1075 1396 hos
1113 1366 1261 1395 versus
1307 1352 1520 1407 corrigere
1558 1352 1699 1394 conati
1737 1356 1846 1395 sunt.
1916 1351 1973 1394 Et
2013 1353 2248 1398 Brunckius
2290 1355 2463 1411 quidem

93 1423 277 1480 scripsit:
313 1419 395 1481 χρὴ
435 1419 605 1480 πρῆξαι
633 1419 786 1474 μέντοι
815 1435 874 1463 τι.
936 1420 996 1463 At
1032 1420 1136 1463 haec
1167 1419 1379 1462 sententia
1408 1419 1452 1460 in
1482 1418 1596 1460 hunc
1626 1419 1786 1474 locum,
1818 1419 1893 1461 ubi
1924 1419 1976 1462 de
2006 1421 2278 1464 iureiurando
2309 1423 2463 1478 agitur,

95 1505 179 1534 non
220 1491 416 1547 quadrat3
460 1503 539 1532 nec
573 1489 780 1546 particula
816 1485 968 1542 μέντοι
1005 1489 1065 1530 ita
1103 1491 1217 1529 recte
1255 1486 1365 1528 dicta
1405 1490 1480 1528 est.
1541 1488 1730 1541 Hartuny
1768 1491 1913 1529 autem
1943 1488 2140 1531 coniecit:
2185 1487 2263 1531 καὶ
2293 1487 2463 1547 πρῆξαι

93 1554 297 1612 μεμαῶτί
335 1572 379 1600 τι
419 1551 503 1599 κάκ
544 1557 683 1600 κακοῦ
724 1556 838 1605 κτλ,
877 1560 920 1597 et
959 1555 1151 1597 similiter
1183 1555 1302 1608 Mey:
1340 1552 1417 1596 καὶ
1447 1552 1616 1612 πρῆξαι
1647 1552 1852 1607 μέλλοντι
1883 1552 1960 1596 καὶ
1990 1553 2039 1598 ἐκ
2071 1554 2162 1598 κτλ.
2226 1555 2288 1598 At
2317 1570 2372 1598 ne
2402 1557 2463 1599 ita

94 1625 266 1682 quidem
310 1624 416 1666 illud
456 1622 626 1682 πρῆξαι
663 1627 778 1665 recte
814 1621 962 1664 referri
991 1621 1172 1665 videtur.
1238 1621 1436 1675 Accedit,
1477 1621 1592 1676 quod
1629 1622 1689 1664 ita
1717 1622 1935 1664 vinculum
1973 1623 2083 1665 inter
2123 1623 2201 1665 hos
2232 1637 2380 1666 versus
2420 1629 2463 1666 et

91 1691 393 1734 antecedentes
425 1691 701 1734 desideratur.
753 1691 987 1734 Heimsoetla
1018 1689 1204 1745 denique
1233 1689 1469 1746 suspicatur
1500 1688 1770 1731 scribendum
1802 1702 1892 1731 esse
1923 1693 2015 1732 aut:
2047 1688 2123 1731 καὶ
2155 1687 2330 1748 πρῆξαν
2349 1687 2463 1744 μετά

91 1774 163 1802 τοι
193 1774 250 1809 τι,
284 1763 376 1801 aut:
409 1757 485 1800 καὶ
515 1756 688 1817 πρῆξαν
716 1753 906 1811 μετόπιν
934 1771 993 1799 τι.
1045 1755 1102 1798 Et
1132 1757 1167 1798 is
1198 1756 1370 1812 quidem
1399 1756 1510 1798 bene
1529 1756 1750 1812 perspexit
1778 1756 1956 1798 verbum
1979 1754 2149 1815 πρῆξαι
2171 1758 2226 1799 ad
2248 1759 2462 1801 neminem

91 1826 239 1869 referri
269 1839 395 1883 posse
427 1826 507 1868 nisi
536 1826 592 1868 ad
622 1827 745 1878 deos;
776 1838 884 1882 quae
914 1837 1015 1867 vero
1047 1823 1238 1878 coniecit,
1269 1823 1409 1866 nescio
1439 1837 1494 1865 an
1526 1823 1650 1865 nimis
1681 1823 1860 1865 obscura
1890 1824 1985 1866 sint.

267 1893 364 1935 Jam
395 1906 497 1935 vero
528 1906 584 1935 ex
616 1893 687 1948 eis,
720 1906 830 1949 quae
860 1905 986 1949 supra
1016 1891 1212 1946 diximus,
1243 1894 1421 1947 apparet
1441 1891 1621 1932 verbum
1652 1889 1819 1949 πρῆξαι
1851 1891 1905 1933 ad
1935 1896 2050 1946 ipsos
2070 1894 2170 1935 deos
2191 1892 2462 1935 referendum

93 1974 205 2015 esse3
236 1960 351 2003 idem
382 1959 504 2002 docet
533 1960 739 2016 particula
770 1958 859 2010 καὶ,
894 1972 1002 2016 (11180
1031 1958 1085 2000 ab
1116 1958 1237 2000 initio
1269 1958 1395 2000 huius
1416 1971 1563 2000 versus
1593 1959 1731 2014 posita
1753 1963 1828 2001 est.
1878 1958 2143 2000 Sententiam
2164 1963 2320 2014 autem,
2354 1973 2463 2016 quae

93 2026 158 2068 his
189 2026 331 2070 verbis
364 2026 530 2080 subest,
571 2040 627 2069 ex
647 2028 746 2069 'tota
775 2027 857 2069 loci
886 2026 1050 2068 ratione
1080 2039 1172 2068 eam
1205 2038 1295 2068 esse
1326 2029 1512 2082 oportet,
1551 2029 1599 2067 ut
1630 2026 1793 2067 dicatur
1824 2027 1924 2068 deos
1954 2038 2081 2080 saepe
2109 2039 2180 2069 res
2209 2029 2462 2081 improvisas

92 2098 216 2147 atque
244 2097 485 2148 inopinatas
512 2092 666 2147 facere.
726 2093 938 2136 Existimo
967 2093 1097 2148 igitur
1127 2092 1226 2134 olim
1257 2093 1460 2149 scriptum
1490 2093 1639 2135 fuisse:
1680 2091 1756 2134 καὶ
1786 2090 1956 2150 πρῆξαι
1986 2090 2220 2145 μέλλουσα
2251 2098 2293 2135 et
2322 2093 2462 2136 facere

93 2164 288 2216 possunt,
334 2174 389 2203 sc.
419 2160 465 2202 id
510 2159 623 2216 quod
667 2173 857 2216 unquam
896 2159 986 2202 fore
1023 2159 1202 2214 negasti.
1272 2159 1340 2202 Ita
1377 2160 1447 2202 hic
1483 2174 1631 2203 versus
1668 2165 1710 2202 et
1747 2161 2041 2202 antecedentia
2078 2164 2179 2216 apte
2218 2161 2377 2217 excipit
2420 2165 2463 2203 et

92 2226 367 2283 sequentibus
409 2226 519 2269 bene
564 2227 846 2270 continuatur.
919 2225 1112 2269 Verbum
1153 2230 1296 2269 autem
1340 2226 1516 2281 μέλλειν
1560 2228 1671 2270 inter
1717 2241 1862 2270 omnes
1905 2230 2070 2269 constat
2112 2227 2358 2283 saepissime
2403 2227 2463 2270 ita

93 2293 310 2350 usurpari,
351 2296 400 2335 ut
441 2293 494 2335 de
532 2293 592 2335 eis
628 2293 755 2335 rebus
795 2293 979 2347 dicatur,
1023 2307 1132 2349 quae
1170 2294 1261 2336 fieri
1298 2295 1461 2351 possint
1502 2308 1693 2351 quasque
1730 2295 1821 2337 fieri
1857 2293 2085 2336 verisimile
2123 2293 2190 2336 sit.
2249 2293 2460 2350 Exempla

94 2365 265 2405 exstant
303 2360 418 2417 apud
447 2360 686 2403 Homerum
726 2360 928 2416 plurima,
968 2360 1018 2402 cf.
1055 2375 1089 2404 e.
1120 2375 1160 2417 g.
1188 2361 1289 2404 Ilias
1322 2360 1387 2416 18,
1420 2362 1522 2406 364:
1563 2361 1639 2404 καὶ
1675 2361 1754 2416 μὲν
1792 2357 1845 2420 δή
1886 2356 1974 2403 πού
2014 2375 2083 2411 τις
2119 2358 2271 2414 μέλλει
2301 2359 2463 2419 βροτὸς

94 2425 223 2487 ἀνδρὶ
247 2425 454 2471 τελέσσαι
486 2426 576 2468 κτλ.
641 2426 719 2469 Od.
753 2426 824 2482 18,
858 2426 929 2470 19:
961 2421 1093 2482 ἷίλβον
1124 2428 1171 2471 δὲ
1203 2428 1308 2472 θεοὶ
1337 2427 1575 2482 μέλλουσιν
1606 2425 1805 2482 ὀπάζειν.
1841 2454 1893 2459 --

267 2494 428 2538 Versus
460 2492 544 2537 673
575 2508 636 2550 sq.
668 2494 796 2550 vulgo
827 2495 1043 2550 leguntur:

580 2556 748 2604 ἀντλεῖν
780 2559 816 2603 δ’
850 2556 929 2605 οὐκ
960 2560 1208 2607 ἐθέλουσιν.
1270 2559 1543 2623 ὑπερβάλλει
1577 2562 1625 2607 δὲ
1655 2559 1868 2605 θάλασσα

697 2623 963 2686 ἀμφοτέρων
993 2627 1163 2683 τοίχων.
1228 2625 1255 2688 ἦ
1285 2627 1404 2682 μάλα
1434 2647 1504 2683 τις
1531 2632 1738 2684 χαλεπῶς

578 2690 781 2746 σώζεται.
846 2692 889 2737 οἶ
920 2695 958 2738 δ’
989 2695 1182 2755 ἔρδουσι.
1245 2694 1511 2756 κυβερνήτην
1540 2698 1619 2751 μὲν
1648 2694 1850 2741 ἔπαυσαν

694 2760 869 2811 ἐσθλὸν,
902 2760 999 2815 ὅτις
1027 2763 1229 2823 φυλακὴν
1259 2760 1372 2819 εἶχεν
1402 2764 1708 2820 ἐπισταμένως
1738 2765 1846 2820 κτλ.;

93 2827 168 2870 sed
197 2841 273 2884 pro
304 2824 348 2870 οἳ
381 2828 419 2871 δ’
451 2827 632 2887 ἔρδουσι
664 2828 755 2871 ΟΚ
786 2829 945 2872 habent
975 2829 1023 2873 οῗ
1051 2830 1087 2874 δ’
1119 2837 1161 2875 et
1189 2832 1234 2873 K
1264 2837 1485 2890 praeterea
1515 2830 1716 2893 ἐρδουσι;
1747 2847 1822 2890 pro
1846 2826 2111 2889 κυβερνῆτην
2143 2830 2179 2874 Ο
2202 2827 2459 2889 κυβερνήτα,

94 2893 138 2936 Κ
168 2896 453 2952 κυβερνῆται;
497 2910 573 2953 pro
612 2893 708 2948 ὅτις
738 2895 829 2939 ΟΚ
860 2895 898 2939 δ’
930 2894 1000 2948 ὃς,
1038 2900 1190 2956 reliqui
1222 2914 1276 2942 ex
1308 2899 1400 2942 OK
1429 2905 1577 2958 aperte
1608 2905 1841 2944 correctum
1872 2899 1906 2955 γ’
1939 2896 2000 2950 ὃς,
2035 2899 2076 2941 A
2106 2913 2215 2940 unus
2246 2895 2361 2949 ὅτις,
2406 2913 2461 2941 ΘΧ

94 2975 178 3018 quo
211 2962 340 3004 etiam
370 2963 576 3019 scriptura
607 2963 699 3006 OK
730 2964 962 3006 derivanda
991 2965 1171 3010 videtur.

269 3027 327 3070 Et
358 3028 435 3072 hos
455 3043 612 3085 versus,
644 3035 691 3072 ut
712 3031 840 3086 vulgo
871 3031 1089 3088 leguntur,
1122 3047 1207 3076 non
1236 3038 1350 3076 recte
1371 3048 1416 3076 se
1437 3034 1594 3077 habere
1615 3034 1737 3075 facile
1758 3032 1981 3087 intelliges,
2012 3031 2046 3073 si
2067 3035 2208 3073 tecum
2229 3032 2459 3087 reputabis,

94 3094 197 3151 quid
234 3094 339 3137 illud
380 3091 424 3138 οἳ
456 3093 492 3138 δ’
524 3094 703 3155 ἔρδουσι
734 3097 815 3139 sibi
846 3098 961 3142 velit.
1019 3099 1175 3142 Nonne
1212 3101 1323 3142 enim
1354 3100 1535 3142 adversa
1564 3100 1702 3141 fronte
1732 3098 2080 3140 antecedentibus
2113 3093 2281 3141 ἀντλεῖν
2311 3098 2349 3140 δ’
2381 3094 2461 3140 οὐκ

95 3159 328 3205 ἐθέλουσιν
364 3168 605 3218 repugnant
641 3164 745 3206 11800
777 3164 937 3206 verba?
996 3165 1094 3208 Non
1136 3166 1282 3209 eadem
1313 3166 1544 3209 abhorrent
1581 3180 1606 3208 a
1645 3165 1941 3222 sequentibus,
1983 3164 2056 3206 ubi
2088 3164 2242 3207 dicitur
2273 3179 2343 3207 eos
2375 3180 2460 3208 non

97 3233 274 3283 operari,
305 3229 379 3271 sed
409 3243 625 3273 commune
653 3232 809 3274 malum
840 3236 884 3274 in
914 3244 1035 3275 suum
1064 3238 1226 3277 vertere
1255 3235 1408 3277 usum?
1459 3232 1571 3281 Quid
1604 3232 1717 3288 quod
1748 3232 1857 3273 inter
1887 3231 1991 3273 haec
2011 3231 2144 3274 verba
2175 3237 2217 3274 et
2238 3233 2459 3289 sequentia

97 3294 313 3337 vinculum
344 3296 509 3338 nullum
538 3297 788 3339 intercedit?

271 3358 411 3410 Quare
440 3362 524 3404 iam
547 3365 701 3407 Beklter
730 3365 966 3421 suspicatur
996 3364 1074 3408 hoc
1104 3366 1195 3408 loco
1217 3367 1367 3409 vitium
1398 3368 1541 3420 latere,
1573 3365 1685 3421 quod
1717 3365 1797 3407 sibi
1827 3366 1975 3408 tollere
1996 3366 2110 3408 visus
2133 3370 2196 3408 est
2217 3366 2458 3408 scribendo:

98 3422 301 3480 σώζεται,
333 3422 388 3473 οἷ’
419 3425 612 3488 ἔρδουσι,
646 3432 759 3488 (111οᾶ
789 3432 863 3474 vix
894 3433 937 3474 in
969 3432 1078 3475 hanc
1108 3435 1359 3476 sententiam
1392 3433 1584 3490 quadrat.
1632 3431 1722 3473 Nec
1753 3432 1888 3487 magis
1918 3432 2019 3475 satis
2049 3432 2159 3486 facit,
2193 3432 2304 3489 quod
2326 3433 2459 3486 Bergk

97 3494 295 3540 coniecit:
327 3491 504 3555 εἴργουσι
535 3512 568 3540 s.
602 3494 810 3557 εἴργουσι.
874 3498 1084 3555 Equidem
1115 3506 1218 3557 puto
1250 3502 1390 3543 omnia
1420 3506 1534 3543 recto
1566 3498 1650 3541 talo
1682 3499 1922 3554 procedere,
1954 3500 2079 3542 modo
2110 3498 2198 3541 cod.
2232 3498 2322 3541 ΟΚ
2354 3503 2396 3541 et
2416 3498 2457 3540 A
