2704 3906
1234 268 1520 312 „13-

196 407 340 446 tamen
375 399 415 441 h.
443 397 471 439 l.
500 395 753 438 attributum
795 396 1051 451 postulatur,
1098 397 1222 452 quale
1254 401 1317 439 est
1343 395 1636 450 „exayitatus“
1664 397 1730 439 vel
1761 397 1897 439 simile
1928 397 2053 453 quid;
2093 397 2137 439 in
2168 399 2283 441 nuda
2313 399 2425 440 enim
2457 413 2559 442 voce

199 464 313 511 κύων
341 466 606 509 miseriarum
638 462 856 504 notionem
896 463 1033 505 inesse
1074 477 1158 505 non
1189 463 1346 517 habeo,
1379 477 1462 519 quo
1494 464 1779 506 demonstrem
1811 465 2018 520 exemplo.
2071 463 2127 506 Et
2147 465 2307 508 Akrens
2336 480 2413 521 pro
2445 462 2559 509 κύων

198 532 374 579 coniecit
410 529 571 572 κακῶν.
634 528 758 578 Quod
798 529 832 570 si
863 535 978 572 recte
1019 544 1064 572 se
1094 530 1290 584 haberet,
1334 535 1447 572 certe
1487 536 1756 588 exspectares
1795 527 2142 583 ἀποσειόμενος,
2184 536 2232 574 ut
2270 533 2463 575 omittam
2500 534 2558 575 ita

197 597 447 646 sententiam
476 595 744 638 antecedenti
774 595 1018 638 similiorem
1046 596 1151 638 fore.
1215 596 1305 638 Nec
1336 597 1475 639 minus
1505 598 1783 639 reiiciendum
1813 603 1877 640 est
1908 592 2070 647 ἀέκων,
2113 598 2226 654 quod
2257 600 2558 644 Heimsoetltius

199 664 476 722 excogitavit3
519 676 603 718 quo
643 661 933 704 additamento
976 663 1117 704 nescio
1155 663 1256 718 quid
1296 663 1350 705 sit
1390 665 1579 708 otiosius.
1638 665 1748 707 Mihi
1778 665 1919 722 potius
1950 666 2217 721 participium
2250 662 2399 722 φυγών
2429 667 2559 710 scrib-

198 732 350 776 endum
379 729 567 783 videtur,
616 733 665 770 ut
695 729 826 770 verba
858 725 1008 784 φυγῶν
1038 726 1238 787 ἐπέρησα
1267 730 1484 786 iungenda
1514 731 1615 772 sint:
1659 735 1777 773 trans
1806 736 2038 774 torrentem
2068 731 2238 787 fugiens
2269 734 2433 788 natavi,
2464 735 2489 777 i.
2522 749 2557 777 e.

196 801 286 856 ipso
316 797 503 854 periculo
534 797 648 838 vitae
679 795 823 852 effugi.

366 864 418 906 In
448 862 723 919 sequentibus
754 876 855 904 vero
876 863 1111 905 Heimsoeth
1142 867 1256 905 recte
1286 863 1464 905 coniecit
1494 864 1723 918 legendum
1749 878 1859 907 esse:
1887 860 2114 923 χαράδρην
2141 863 2384 925 χειμάρρου
2415 882 2555 911 ποτα-

196 932 300 987 μοῦς
330 944 415 973 non
447 931 559 972 enim
588 930 757 985 fugiens
788 929 832 970 in
863 933 1046 972 torrente
1076 935 1202 985 poeta
1233 935 1374 973 omnia
1405 934 1563 984 amisit,
1595 932 1714 987 quasi
1745 945 1841 973 suas
1871 946 1939 974 res
1969 945 2110 974 secum
2140 935 2453 990 asportavisset‚
2484 935 2558 978 sed

197 1001 329 1050 d0mi;
358 997 526 1053 fugiens
556 1001 699 1039 autem
730 1001 846 1038 trans
877 1000 1108 1038 torrentem
1141 998 1319 1051 natavit,
1350 1000 1397 1039 ut
1428 997 1622 1039 omnibus
1649 998 1812 1039 amissis
1833 1001 1963 1041 vitam
1983 1005 2186 1052 servaret.
2234 999 2555 1043 Substantivum

194 1061 393 1124 χαράδρα
435 1068 580 1106 autem
620 1065 790 1106 alveum
827 1064 1026 1105 torrentis
1062 1065 1298 1120 significare
1340 1069 1381 1106 et
1422 1076 1477 1104 ex
1517 1063 1733 1118 Hesychio
1773 1079 1804 1106 s.
1836 1079 1873 1107 v.
1904 1066 2156 1122 intelligitur
2196 1072 2237 1110 et
2277 1082 2332 1110 ex
2363 1069 2551 1111 Homero

197 1135 244 1176 11.
272 1132 322 1187 4,
351 1131 449 1175 454.
510 1131 663 1187 Itaque
692 1131 913 1183 Hartunqiz'
943 1130 1185 1172 coniectura
1217 1125 1554 1188 ἀποερσάμενος
1593 1145 1669 1187 pro
1701 1126 2060 1184 ἀποσεισάμενος
2099 1147 2185 1175 non
2215 1148 2321 1190 opus
2352 1140 2436 1189 est3
2481 1149 2558 1178 nec

198 1200 330 1256 magis
357 1199 413 1254 id,
445 1198 558 1255 quod
589 1198 810 1251 Emperius
840 1210 965 1238 versu
996 1201 1202 1252 sequente
1232 1198 1429 1239 coniecit:
1460 1195 1561 1238 ἐπεὶ
1591 1195 1757 1246 ἐσθλὸς
1788 1191 1940 1255 ὄροιτο
1973 1196 2142 1252 δαίμων
2173 1199 2263 1241 κτλ.
2297 1224 2351 1232 -

370 1273 530 1316 Versus
557 1270 733 1319 ‚365—-6
765 1271 805 1312 A
835 1271 893 1312 sic
924 1270 1120 1312 exhibet:

781 1343 871 1398 ἴσχι
902 1342 1005 1402 νόῳ,
1039 1342 1241 1402 γλώσσης
1271 1345 1319 1388 δὲ
1349 1345 1398 1388 τὸ
1429 1345 1628 1400 μείλιχον
1658 1345 1753 1390 αἰὲν
1782 1347 1968 1390 ἐπέστω.

926 1409 1096 1455 δούλων
1125 1429 1197 1455 τοι
1228 1411 1406 1456 τελέθει
1437 1413 1597 1472 καρδίη
1631 1411 1835 1473 όξι.ττέρη;

202 1484 276 1528 sed
303 1483 454 1540 reliqui
481 1482 578 1525 libri
607 1481 768 1523 habent
797 1478 891 1533 ἴσχε
922 1477 1021 1523 νόον
1053 1485 1094 1522 et
1124 1477 1301 1539 γλώσσῃ
1332 1505 1385 1511 --
1419 1479 1624 1531 ἑπέσθω,
1669 1497 1776 1539 quae
1807 1484 2006 1526 lectiones
2036 1484 2137 1526 mihi
2169 1498 2224 1527 ex
2254 1486 2343 1528 cod.
2372 1487 2414 1529 A
2445 1489 2554 1531 deri-

202 1556 325 1595 vatae
352 1551 570 1603 videntur3
600 1562 698 1590 nam
728 1552 952 1603 postquam
983 1547 1144 1589 librarii
1175 1562 1250 1602 pro
1281 1548 1415 1590 forma
1444 1546 1558 1602 ἴσχι,
1594 1564 1702 1605 quae
1731 1551 1911 1605 intelligi
1942 1551 2102 1606 nequit,
2132 1553 2428 1608 imperativum
2459 1551 2551 1608 ἴσχε

203 1622 244 1660 et
284 1631 360 1674 pro
403 1614 576 1659 ἐπέστω
607 1615 786 1657 verbum
830 1615 1092 1670 frequentius
1131 1609 1315 1656 ἑπέσθω
1359 1616 1634 1671 scripserunt,
1683 1617 1807 1658 etiam
1848 1612 1936 1672 νόῳ
1976 1618 2020 1658 in
2064 1614 2164 1660 νόον
2204 1624 2245 1661 et
2282 1616 2480 1677 γλώσσης
2510 1624 2552 1664 in

200 1680 374 1742 γλώσσῃ
403 1688 568 1726 mutare
598 1681 822 1725 debebant.

371 1759 491 1809 Quae
521 1771 615 1800 cum
646 1757 706 1799 ita
735 1758 829 1811 sint⁷
861 1757 904 1798 in
936 1757 1024 1798 cod.
1047 1757 1086 1798 A
1118 1757 1439 1812 antiquissimae
1471 1762 1610 1799 exstat
1640 1758 1828 1799 lectionis
1850 1759 2086 1814 vestigium,
2119 1761 2232 1816 quod
2262 1762 2306 1804 in
2328 1763 2406 1805 hoc
2429 1778 2551 1807 versu

204 1825 466 1870 emendando
503 1824 624 1867 nobis
661 1823 941 1880 premendum
979 1827 1053 1864 est.
1113 1824 1258 1879 Atque
1299 1838 1408 1879 quae
1438 1824 1478 1866 A
1508 1825 1706 1880 praebet,
1745 1825 1789 1866 in
1830 1825 1889 1866 eis
1920 1830 2088 1882 praeter
2118 1827 2223 1870 illud
2253 1825 2341 1881 ἴσχι
2373 1845 2458 1873 non
2489 1837 2553 1874 est

204 1893 318 1951 quod
347 1891 642 1949 reprehendas
693 1890 846 1932 Omnia
875 1890 1007 1945 igitur
1037 1890 1203 1945 integra
1224 1895 1359 1944 erunt,
1391 1891 1619 1933 dummodo
1648 1906 1724 1947 pro
1744 1888 1834 1943 ἴσχι
1856 1892 2012 1934 scribas
2034 1890 2174 1948 ἴσχεος
2203 1895 2342 1938 littera
2363 1911 2386 1939 o
2408 1904 2547 1942 autem

203 1963 374 2016 propter
402 1972 581 2015 sequens
611 1958 924 2000 substantivum
954 1952 1041 2012 νόῳ
1073 1956 1195 1998 facile
1223 1956 1478 1999 intercidere
1508 1962 1686 2013 poterat.
1745 1958 1894 2014 Itaque
1926 1959 2127 2014 legimus:

764 2022 884 2077 ἰ’σχεο
917 2020 1017 2079 νόῳ,
1050 2020 1252 2080 γλώσσης
1283 2022 1330 2065 δὲ
1361 2021 1411 2067 τὸ
1443 2022 1642 2077 μείλιχον
1672 2022 1766 2067 αἰὲν
1795 2023 1980 2074 ἐπέστω,

204 2093 230 2134 i.
261 2106 294 2136 e.
324 2097 439 2148 tege,
477 2093 690 2136 dissimula
728 2098 914 2134 mentem
952 2096 1088 2145 tuam,
1128 2092 1300 2146 linguae
1338 2097 1481 2133 autem
1519 2091 1695 2134 dulcedo
1733 2092 1810 2133 tibi
1849 2106 2014 2149 semper
2052 2093 2172 2136 adsit.
2232 2094 2394 2137 Eodem
2425 2098 2549 2140 modo

204 2159 379 2202 verbum
419 2156 598 2213 ἴσχομαι
639 2161 794 2216 legitur
833 2159 946 2216 apud
976 2158 1150 2200 Homer.
1183 2158 1260 2201 Od.
1295 2158 1369 2213 11,
1412 2159 1517 2203 251:
1557 2161 1629 2201 νῦν
1669 2157 1705 2200 ‹)·’
1735 2154 1860 2216 ἔρχευ
1892 2158 2007 2216 πρὸς
2038 2159 2164 2212 δῶμα
2196 2160 2269 2202 καὶ
2300 2158 2419 2214 ἴσχεο
2449 2165 2551 2221 μηδ’

205 2221 432 2286 ὀνομήνῃς
460 2228 648 2269 similiter
680 2225 951 2279 ἱσχανᾶσθαι
983 2225 1063 2269 Od.
1083 2224 1122 2279 7,
1146 2225 1249 2269 161:
1281 2224 1375 2268 05¹6ae
1408 2225 1456 2268 δὲ
1488 2223 1565 2268 σὸν
1593 2227 1740 2279 μῦθον
1770 2224 2080 2282 ποτιδέγμενοι
2114 2224 2416 2279 ἰσχανόωνται.
2460 2231 2548 2274 Nos

206 2297 367 2337 vertere
396 2308 633 2351 possumus:
660 2308 745 2348 „an
775 2295 862 2337 sicli
892 2294 1043 2345 hatten,
1074 2295 1212 2336 [linter
1242 2295 1334 2335 dem
1365 2293 1471 2347 Bery
1502 2293 1676 2336 kalten‘C
1737 2293 1803 2335 De
1834 2294 2042 2335 sententia
2072 2294 2168 2335 vide
2200 2310 2264 2337 vv.
2297 2295 2351 2339 60
2382 2311 2443 2352 sq.

372 2368 468 2412 Jam
497 2385 597 2413 vero
629 2371 664 2412 si
694 2370 798 2411 haec
828 2373 942 2410 recte
972 2368 1185 2424 disputata
1215 2372 1333 2422 sunt,
1373 2383 1457 2410 non
1489 2373 1562 2422 est,
1595 2368 1706 2424 quod
1737 2369 1882 2410 multis
1912 2369 2161 2422 refutemus,
2193 2384 2300 2423 quac
2331 2373 2408 2414 viri
2439 2373 2548 2416 docti

203 2435 256 2478 ad
285 2435 397 2478 hunc
425 2437 563 2479 locum
593 2437 890 2493 corrigendum
922 2436 1285 2491 excogitaverunt,
1316 2439 1362 2476 ut
1383 2438 1544 2478 Ahrens
1576 2432 1676 2477 ἴσθι
1709 2432 1808 2491 νόῳ,
1844 2437 2029 2489 Hartunq
2051 2432 2173 2488 ἰσχνὰ
2195 2433 2284 2492 νόῳ
2330 2440 2547 2483 Schneide-

203 2507 283 2547 win
313 2500 489 2560 ἱσχινόῳ
520 2501 694 2563 γλώσσῃ
726 2503 774 2546 δὲ
805 2503 895 2544 κτλ.
929 2526 986 2533 —-

374 2579 580 2622 Versibus
618 2579 703 2623 373
735 2594 794 2635 sq.
825 2582 949 2635 poeta
977 2578 1129 2620 Jovem
1159 2578 1405 2631 maximum,
1445 2581 1487 2619 et
1518 2577 1590 2632 qui
1619 2577 1838 2618 hominum
1867 2577 2029 2619 animos
2060 2577 2191 2633 probe
2221 2581 2428 2635 pernovit,
2460 2595 2547 2622 sec-

206 2644 362 2688 undum
392 2647 609 2702 vulgatam
638 2647 696 2689 sic
726 2645 970 2701 alloquitur:

403 2721 406 2724 ’
730 2722 828 2771 πῶς
858 2716 911 2777 δή
944 2734 1033 2768 σευ,
1068 2717 1277 2777 Κρονίδη,
1310 2718 1452 2776 τολμᾷ
1482 2716 1583 2767 νόος
1613 2712 1776 2775 ἄνδρας
1806 2713 2012 2774 ἀλιτρούς

844 2786 888 2829 ἐν
918 2782 1056 2845 ταύτῇ
1084 2785 1221 2844 μοίρῃ
1250 2782 1326 2829 τόν
1354 2801 1402 2827 τε
1433 2783 1608 2827 δίκαιον
1637 2781 1762 2838 ἔχειν,

734 2849 782 2912 ἢν
811 2855 848 2895 τ’
877 2852 954 2896 ἐπὶ
986 2850 1274 2912 σωφροσύνην
1303 2854 1481 2910 τρεφθῇ
1511 2848 1611 2901 νόος
1643 2846 1692 2908 ἤν
1722 2867 1768 2892 τε
1799 2849 1912 2909 πρὸς
1944 2849 2067 2909 ὕβριν

576 2923 670 2966 380,
848 2916 1102 2977 ἀνθρώπων
1131 2916 1307 2970 ἀδίκοις
1336 2916 1520 2976 ἔργμασι
1553 2917 1847 2971 πειθομένων.

732 2984 835 3032 οὐδὲ
864 3004 907 3029 τι
939 2986 1194 3043 κεκριμένον
1223 2985 1339 3044 πρὸς
1369 2982 1579 3039 δαίμονός
1609 2983 1702 3028 ἐστι
1730 2988 1957 3043 βροτοῖσιν

847 3050 936 3097 οὐδ’
969 3050 1076 3097 ὁδὸν
1107 3051 1158 3112 ἥν
1187 3070 1254 3104 τις
1285 3051 1362 3096 ἰῶν
1393 3049 1688 3095 ἀθανάτοισιν
1718 3050 1834 3094 ἅδοι.

730 3119 875 3179 ἔμπης
905 3121 941 3162 δ’
973 3115 1106 3174 ὄλβον
1134 3118 1306 3174 ἔχουσιν
1338 3115 1559 3178 ἀπήμονα.
1622 3118 1692 3161 τοὶ
1723 3120 1761 3160 δ’
1792 3115 1882 3162 ἀπὸ
1916 3118 2072 3161 δειλῶν

847 3185 982 3244 ἔργων
1013 3185 1206 3241 ἴσχοντες
1235 3185 1381 3239 θυμὸν
1410 3185 1532 3239 ὅμως
1562 3185 1726 3243 πενίην,

730 3254 880 3312 μητέρ’
912 3250 1164 3311 ἀμηχανίης,
1197 3251 1356 3307 ἔλαβον
1386 3254 1496 3308 κτλ.;

204 3329 277 3372 sed
306 3345 382 3388 pro
415 3325 465 3388 ἢν
494 3327 528 3373 τ>
562 3330 639 3373 ἐπὶ
671 3327 960 3389 σωφροσύνην
989 3331 1029 3372 Α
1060 3330 1188 3372 habet
1217 3325 1602 3386 ἐπισωφροσύνην,
1636 3327 1727 3370 OK
1757 3327 1882 3368 etiam
1913 3330 2057 3368 contra
2087 3330 2265 3368 metrum
2297 3319 2345 3382 ἤν
2365 3341 2411 3368 τε
2432 3325 2547 3384 πρὸς

205 3409 245 3438 σ.
278 3402 320 3439 et
350 3397 386 3440 Ο
418 3404 637 3455 praeterea
668 3413 730 3440 σω
763 3395 995 3456 φροσὺνην.
1049 3397 1216 3439 Deinde
1248 3412 1284 3440 v.
1316 3396 1399 3439 382
1430 3409 1505 3452 pro
1538 3391 1641 3437 ὁδόν
1672 3393 1762 3436 OK
1794 3393 1967 3435 exhibet
1998 3388 2116 3442 ὁδός,
2149 3393 2207 3434 ita
2237 3397 2395 3444 tamen,
2426 3399 2471 3435 ut
2501 3393 2542 3434 K

206 3478 256 3513 ος
284 3464 329 3506 in
358 3479 504 3508 rasura
534 3466 700 3508 habeat.
750 3464 807 3507 Et
838 3465 1018 3507 editores
1047 3465 1239 3520 plerique
1270 3459 1375 3513 ὁδός
1405 3463 1446 3503 in
1479 3467 1643 3504 textum
1674 3463 1941 3516 receperunt3
1971 3464 2014 3501 at
2045 3455 2160 3507 ὁδόν,
2194 3464 2240 3501 ut
2261 3460 2417 3515 optimo
2438 3460 2545 3503 libro

2287 3527 2313 3570 3
