2704 3906
338 1038 598 1103 Theognidis
627 1048 820 1092 versibus
851 1050 972 1091 multi
1003 1050 1083 1092 viri
1112 1051 1224 1093 docti
1253 1065 1330 1107 per
1358 1051 1485 1094 hosce
1513 1064 1645 1093 annos
1674 1051 1904 1107 plurimum
1934 1057 2200 1095 navaverunt
2231 1067 2397 1109 operae,
2429 1055 2519 1110 alii,

150 1120 202 1158 ut
239 1116 357 1160 libris
392 1116 627 1159 accuratius
664 1120 954 1172 quamantea
999 1118 1187 1159 excussis
1231 1118 1392 1160 firmius
1437 1116 1690 1160 emendandi
1734 1117 2059 1160 fundamentum
2097 1119 2304 1175 iacerent,
2349 1121 2440 1176 alii,
2471 1127 2519 1165 ut

154 1183 360 1238 singulos,
409 1184 454 1225 in
493 1181 646 1239 quibus
682 1182 924 1237 haererent,
970 1183 1082 1225 locos
1127 1188 1434 1239 pertractarent
1469 1188 1513 1226 et
1541 1184 1811 1239 corrigerent.
1869 1184 2015 1241 Atque
2051 1186 2096 1228 in
2131 1186 2300 1229 illorum
2339 1202 2517 1233 numero

156 1249 342 1292 habendi
387 1253 487 1292 sunt
528 1248 693 1292 Pressel
731 1253 772 1291 et
800 1263 883 1291 van
926 1249 1000 1292 der
1042 1251 1157 1305 Mey,
1201 1252 1274 1307 qui
1313 1251 1402 1293 cod.
1472 1250 1513 1293 A
1553 1251 1692 1292 denuo
1732 1252 2020 1305 contulerunt,
2062 1253 2222 1306 Zieyler
2260 1258 2303 1296 et
2332 1256 2437 1299 Harl
2476 1261 2518 1298 et

155 1317 295 1371 Hinck,
335 1317 408 1373 qui
438 1315 529 1358 cod.
569 1314 653 1358 OK
691 1316 927 1358 accuratius
967 1317 1338 1371 examinaverunt3
1381 1319 1426 1359 in
1462 1317 1528 1359 his
1559 1330 1659 1358 vero
1697 1318 1846 1359 ceteris
1875 1323 2092 1373 praestant
2125 1321 2274 1374 Bequ,
2315 1323 2516 1377 Hartuny,

155 1385 352 1438 Leutsclae,
402 1384 578 1437 Hecker,
626 1384 879 1436 Heimsoetlt‚
925 1384 997 1439 qui
1041 1388 1126 1425 tres
1176 1385 1519 1426 emendationum
1565 1383 1935 1438 Theognidearum
1986 1389 2126 1440 partes
2172 1387 2358 1443 scripsit,
2415 1389 2517 1430 Her-

154 1451 333 1504 werden,
373 1449 455 1491 alii.
532 1449 696 1491 Tamen
740 1453 902 1491 restant
946 1451 1090 1504 multa,
1130 1451 1174 1492 in
1220 1450 1374 1506 quibus
1413 1451 1605 1505 legentes
1645 1449 1872 1504 offendant,
1913 1464 1998 1492 non
2028 1466 2181 1508 pauca,
2231 1467 2339 1509 quae
2377 1455 2518 1497 adhuc

155 1530 300 1559 omnes
332 1516 586 1559 emendandi
617 1520 791 1558 conatus
823 1517 1052 1559 eluserinta
1098 1517 1243 1572 Atque
1272 1517 1316 1558 in
1348 1530 1456 1573 quae
1486 1531 1565 1572 ego
1592 1517 1746 1558 iterum
1775 1517 2014 1573 iterumque
2044 1519 2157 1562 hunc
2187 1525 2355 1576 poetam
2387 1522 2513 1563 lecti-

153 1587 249 1625 tans
279 1582 420 1636 incidi,
451 1596 598 1624 eorum
628 1583 813 1638 aliquam
843 1587 1009 1639 partem
1039 1584 1172 1639 ipsius
1201 1584 1297 1625 libri
1327 1584 1475 1627 ordine
1504 1588 1670 1625 servato
1701 1584 1784 1624 iam
1814 1584 1858 1625 in
1887 1585 2025 1626 medio
2056 1586 2296 1641 prolaturus
2317 1602 2423 1642 sum,
2447 1592 2508 1642 ut,

155 1653 361 1706 quantum
392 1662 576 1706 possum,
607 1648 733 1690 huius
763 1653 914 1704 poetae
943 1650 1335 1706 interpretationem
1365 1650 1573 1692 adiuvem.
1634 1649 1785 1705 Neque
1817 1663 1916 1692 vero
1946 1650 1989 1692 in
2011 1651 2088 1693 hac
2118 1666 2164 1693 re
2196 1652 2512 1709 Theognideae,

155 1730 264 1773 quae
294 1717 456 1770 dicitur,
489 1716 747 1772 quaestionis
778 1716 984 1758 rationem
1015 1715 1193 1769 habebo,
1224 1717 1297 1758 sed
1329 1731 1473 1758 omnes
1503 1718 1627 1770 locos,
1658 1717 1746 1758 sive
1767 1716 2027 1771 Theognidis
2048 1722 2147 1760 sunt
2176 1719 2265 1761 sive
2287 1733 2371 1762 non
2396 1726 2509 1775 sunt,

130 1784 190 1826 'si
220 1784 322 1840 quid
350 1784 552 1836 habeam,
585 1782 698 1838 quod
730 1782 782 1824 de
813 1783 872 1824 eis
902 1796 1111 1836 moneam,
1142 1784 1378 1837 promiscue
1408 1784 1615 1836 tractabo,
1667 1784 1915 1838 praesertim
1956 1798 2051 1826 cum
2081 1786 2124 1826 in
2157 1786 2341 1828 editione
2373 1787 2511 1830 Theo-

153 1850 305 1906 gnidis,
338 1864 447 1907 quae
475 1850 561 1891 iam
590 1849 635 1890 in
665 1849 883 1905 publicum
913 1849 1110 1906 prodibit,
1139 1854 1333 1892 accurate
1362 1851 1612 1907 aperuerim,
1643 1850 1743 1906 quid
1776 1850 1827 1891 de
1857 1851 1928 1892 illa
1959 1853 2205 1906 quaestione
2235 1854 2427 1895 sentiam.

328 1917 393 1959 Ac
433 1917 594 1974 primus
626 1916 797 1972 quidem
836 1917 964 1970 locus,
1009 1929 1134 1972 quem
1165 1918 1386 1959 tractaturi
1422 1931 1582 1969 sumus,
1621 1921 1759 1958 exstat
1797 1917 1842 1957 in
1882 1919 2067 1960 versibus
2111 1919 2192 1961 101
2237 1933 2306 1974 sq,
2350 1922 2509 1976 quibus

155 1983 373 2039 Theognis
402 1983 605 2038 gravibus
635 1983 777 2025 verbis
806 1983 859 2024 ab
881 1983 1065 2024 amicitia
1094 1985 1301 2025 malorum
1330 1989 1512 2026 revocat.
1577 1984 1711 2026 Malos
1751 1984 1862 2025 enim
1900 1985 1959 2025 ait
1996 1999 2079 2026 non
2111 1999 2186 2041 par
2217 1987 2307 2042 pari
2338 1987 2508 2041 referre,

153 2051 190 2092 si
211 2051 312 2107 quid
335 2051 395 2092 eis
415 2050 609 2092 intuleris
630 2050 742 2104 boni,
765 2050 800 2091 si
822 2049 923 2105 quid
945 2050 1055 2103 mali,
1078 2050 1205 2091 etiam
1233 2051 1420 2092 omnium
1441 2052 1704 2106 superiorum
1731 2051 2027 2094 beneficiorum
2049 2053 2295 2094 memoriam
2315 2054 2511 2098 abiicere.

154 2116 296 2166 Quare
326 2118 454 2160 bonos
484 2116 694 2172 sequaris3
727 2130 836 2169 nam,
867 2115 1008 2170 pergit
1038 2120 1163 2171 poeta
1194 2131 1259 2157 vv.
1293 2116 1376 2158 111
1395 2115 1569 2158 -1122

706 2179 749 2225 οἱ
781 2182 818 2225 δ’
849 2177 1017 2237 ἀγαθοὶ
1044 2180 1094 2225 τὸ
1124 2181 1331 2237 μέγιστον
1361 2181 1681 2240 ἑπαυρίσκουσι
1711 2179 1949 2233 παθόντες,

847 2250 996 2307 μνῆμα
1027 2248 1065 2290 δ’
1094 2245 1235 2301 ἔχουιϊ
1267 2245 1450 2306 ἀγαθῶν
1480 2249 1555 2293 καὶ
1583 2245 1712 2307 χάριν
1742 2247 1948 2299 ἐξοπίσω.

328 2316 448 2359 Haec
485 2316 616 2359 verba
653 2316 999 2358 antecedentibus
1036 2317 1244 2358 contraria
1284 2332 1375 2360 esse
1410 2332 1504 2360 cum
1535 2331 1589 2359 ex
1619 2321 1707 2358 tota
1747 2317 1871 2359 huius
1900 2318 1979 2359 loci
2014 2318 2176 2360 ratione
2206 2324 2383 2374 apparet
2414 2324 2504 2360 tum

154 2384 313 2440 optime
344 2397 399 2426 ex
430 2399 469 2426 v.
499 2383 585 2427 112
615 2384 812 2438 cernitur,
844 2384 916 2440 qui
947 2385 1086 2426 versui
1122 2383 1226 2426 110:

1417 2446 1468 2509 ἢν
1498 2451 1535 2492 δ’
1566 2449 1610 2493 ἓν
1641 2446 1850 2506 ἁμάρτῃς,

833 2518 920 2558 τῶν
950 2513 1153 2575 πρόσθεν
1183 2513 1358 2560 πάντων
1388 2516 1614 2570 ἐκκέχυται
1647 2512 1847 2573 φιλότης.

155 2656 332 2702 (νηπίαν,-
376 2653 472 2694 bom·
502 2656 779 2695 meminerunt
808 2657 847 2694 et
876 2657 1019 2705 ματος
1061 2664 1106 2694 se
1144 2649 1386 2706 praebent.“
1439 2651 1551 2700 Quid
1589 2651 1718 2706 igitur
1750 2650 1839 2690 veri
1869 2650 2044 2690 similius
2083 2655 2146 2691 est
2176 2664 2301 2705 quam
2334 2663 2500 2692 versum

157 2732 327 2774 quoque
360 2718 441 2759 111
474 2718 742 2760 antecedenti
776 2717 878 2760 108:

816 2778 916 2826 οὔτε
947 2783 1112 2834 κακοὺς
1143 2777 1191 2825 εὖ
1223 2783 1337 2839 ὁρῶν
1370 2777 1417 2825 εὖ
1449 2778 1587 2825 πάλιν
1619 2777 1888 2836 ἄντελάβοις.

155 2852 412 2907 respondere
427 2853 448 2894 P
479 2852 613 2909 Atqui
645 2867 738 2894 cum
761 2867 796 2894 v.
821 2852 904 2895 108
926 2852 1087 2894 dicatur
1107 2854 1240 2894 malos
1260 2850 1549 2903 beneficiorum
1580 2854 1841 2903 acceptorum
1861 2852 2041 2902 qratiam
2062 2861 2143 2890 non
2164 2847 2332 2901 referre,
2356 2863 2394 2890 v.
2418 2849 2499 2890 111

155 2921 324 2974 poetam
356 2918 495 2961 dicere
526 2923 693 2974 oportet
723 2920 851 2962 bonos
882 2918 1078 2972 beneficia
1110 2918 1318 2970 beneficiis
1347 2914 1514 2969 referre.

330 2984 443 3027 Huic
473 2999 586 3039 vero,
619 3000 727 3042 quae
757 2985 1005 3041 postulatur,
1045 2984 1278 3026 sententiae
1315 2983 1494 3024 verbum
1524 2979 1811 3039 ἑπαυρίσκειν
1841 2980 2043 3035 refragari
2074 2980 2251 3021 videtur.
2310 2980 2419 3021 Nam
2450 2985 2497 3022 ut

154 3051 289 3094 forma
318 3052 456 3094 activa
486 3050 743 3110 ἐπαυρίσκω
780 3065 990 3107 nusquam
1031 3051 1198 3105 legitur,
1242 3050 1300 3091 ita
1331 3063 1416 3102 cae,
1448 3062 1557 3104 quae
1586 3050 1807 3104 leguntur,
1839 3048 1996 3089 formae
2025 3046 2199 3100 activae,
2230 3050 2277 3087 ut
2314 3044 2501 3102 ἐπαυρεῖ

156 3118 270 3175 apud
301 3117 476 3160 Hesiod.
498 3132 593 3174 opp.
616 3123 668 3161 et.
692 3119 791 3160 dies⁴
822 3117 907 3161 419
931 3122 973 3159 et
993 3115 1186 3174 ἒπηῖρον
1216 3116 1327 3172 apud
1359 3116 1606 3169 Homerum,
1636 3117 1718 3158 alia
1748 3121 1874 3170 atque
1903 3114 1956 3155 ab
1987 3113 2064 3155 hoc
2094 3113 2184 3155 loco
2214 3113 2351 3154 aliena
2372 3113 2500 3167 signi-

153 3183 347 3226 ficatione
376 3188 646 3240 usurpantur.
698 3183 952 3240 Saepissime
982 3188 1124 3226 autem
1154 3183 1361 3239 reperitur
1391 3183 1524 3224 forma
1555 3182 1693 3224 media
1724 3177 2094 3237 ἑῑταυρίσκεσθαι,
2129 3192 2237 3235 quae
2267 3179 2499 3233 significat:

153 3252 331 3306 „bonum
360 3254 426 3295 vel
454 3254 611 3295 malum
641 3265 693 3295 ew
725 3254 863 3307 aliqua
894 3264 941 3294 re
970 3252 1159 3306 capere.“
1212 3251 1308 3293 Jam
1340 3262 1439 3291 vero
1471 3249 1504 3290 si
1535 3248 1623 3290 veri
1663 3248 1798 3289 simile
1835 3251 1942 3288 esset
1972 3245 2156 3288 Graecos
2187 3245 2333 3286 eadem
2363 3245 2494 3299 signi-

159 3315 352 3362 ficatione
371 3320 510 3362 activa
531 3333 701 3375 quoque
720 3319 854 3361 forma
875 3331 973 3359 usos
995 3331 1098 3371 esse,
1116 3318 1300 3359 activum
1321 3313 1606 3373 ἐπαυρίσκειν
1626 3315 1891 3370 significaret:
1910 3314 2089 3367 „bonum
2110 3312 2174 3354 vel
2192 3312 2347 3353 malum
2370 3312 2498 3354 alicui

158 3381 344 3439 afferre,“
373 3390 421 3428 ut
451 3399 486 3428 e.
517 3400 578 3441 gr.
610 3381 816 3438 ὀνίναμαι
847 3389 888 3426 et
925 3379 1113 3441 ὀνίνημι,
1153 3388 1195 3425 et
1224 3382 1513 3438 Theognidem
1545 3381 1740 3423 coniicias
1770 3379 2005 3436 scripsisse:
2036 3372 2084 3420 εὖ
2114 3374 2434 3434 ε’παυρίσκουσι
2465 3391 2494 3418 s.

158 3443 207 3493 εὖ
237 3447 558 3510 ’παυρίσκουσι.
623 3451 708 3494 Sed
739 3465 833 3493 cum
864 3450 942 3492 hoc
973 3451 1075 3493 mihi
1106 3464 1218 3492 nunc
1248 3449 1418 3505 quidem
1448 3448 1622 3490 dubium
1653 3446 1858 3499 videatur,
1888 3445 1970 3487 alia
2000 3444 2393 3500 circumspiciamus.

2228 3511 2274 3553 1*
