2704 3906
287 471 387 499 suae
427 467 524 509 opes
567 464 646 492 non
689 449 909 499 sufficiant,
951 452 1087 487 tamen
1127 456 1172 484 so
1208 441 1305 483 satis
1335 438 1500 491 habere,
1530 442 1575 479 ut
1606 450 1730 480 unum
1759 438 1951 494 excipiat.
2009 437 2064 480 Et
2092 438 2195 480 haec
2223 442 2345 494 poeta
2376 452 2458 480 non
2488 438 2577 481 sine

289 531 375 563 arte
404 521 459 559 ita
488 515 675 572 protulit,
720 519 763 554 ut
805 512 1006 567 hospitem
1045 508 1162 564 quasi
1193 506 1376 550 doceret,
1423 502 1520 558 quid
1558 502 1610 543 de
1645 501 1822 557 hospitio
1852 515 1927 543 suo
1955 508 2082 558 atque
2110 503 2271 560 hospite
2301 503 2577 558 interrogatus

288 585 425 627 amicis
455 580 735 636 responderet:
766 578 822 618 ita
852 576 980 617 oratio
1012 573 1187 615 vividior
1216 571 1261 611 fit
1291 574 1331 610 et
1361 568 1545 609 alacrior.
1574 590 1627 598 —

452 654 606 695 Versus
637 651 716 694 563
747 665 805 706 sq.
837 651 878 690 in
908 649 1022 689 libris
1051 646 1108 686 sic
1137 643 1277 698 scripti
1308 646 1492 684 exstant:

750 724 986 778 κεκλῆσθαι
1020 717 1055 760 δ’
1086 717 1130 767 ἐς
1159 716 1299 763 δαῖτα,
1332 713 1606 771 παρέξεσθαι
1640 714 1686 757 δέ
1718 715 1821 771 παρ’
1851 711 2011 757 ἐσθλόν

863 782 996 841 ἄνδρα
1024 779 1172 840 χρεών,
1205 778 1363 837 σοφίην
1393 782 1539 822 πᾶσαν
1568 777 1868 833 ἐπιστάμενον.

748 855 824 895 τοῦ
856 854 1027 892 συνιεῑν,
1061 844 1228 890 ὁπόταν
1255 862 1295 888 τι
1330 844 1431 904 λέγῃ
1462 842 1614 901 σοφόν,
1644 841 1762 903 ὄφρα
1793 846 2008 903 διδαχθῇς

863 915 937 958 καὶ
966 912 1077 955 τοῦτ’
1109 911 1171 963 εἰς
1200 906 1321 953 οἷκον
1351 910 1506 969 κέρδος
1533 908 1640 964 ἔχων
1671 907 1825 970 ἀπίῃς;

282 996 352 1038 sed
384 1010 421 1036 v.
452 993 533 1037 563
565 992 653 1034 OK
693 991 846 1033 habent
882 987 944 1039 εἰς
973 1002 1047 1044 pro
1078 985 1133 1038 ἐς,
1167 988 1207 1028 Α
1236 983 1511 1042 παρέξεσθαι
1541 999 1616 1041 pro
1647 984 1944 1042 παρέζεσθαι;
1981 985 2091 1027 idem
2121 985 2161 1026 A
2192 999 2230 1027 v.
2261 983 2342 1027 565
2373 983 2583 1039 διδαχθηῖ

282 1074 358 1116 pro
389 1059 613 1115 διδαχθῇ-ς.
671 1056 859 1110 Reliqua,
890 1055 932 1095 in
962 1053 1111 1108 quibus
1140 1053 1248 1094 inter
1277 1066 1322 1094 se
1352 1052 1559 1104 differunt,
1589 1051 1799 1092 mentione
1827 1051 2000 1106 indigna
2028 1051 2234 1093 videntur.

451 1132 500 1173 In
539 1132 601 1172 his
631 1128 831 1181 versibus,
875 1141 976 1183 quos
1014 1126 1192 1167 editores
1228 1125 1392 1167 silentio
1429 1125 1785 1181 praetermittunt,
1831 1130 1970 1167 tamen
2000 1139 2084 1166 non
2112 1138 2245 1180 pauca
2273 1124 2433 1176 insunt,
2477 1136 2583 1179 quae

283 1198 428 1240 merito
472 1195 590 1238 nobis
634 1194 884 1249 displiceant.
943 1192 1130 1233 Primum
1169 1191 1279 1232 enim
1316 1190 1418 1232 haec
1453 1190 1534 1232 duo
1573 1190 1747 1231 disticha
1786 1189 1899 1231 nullo
1941 1190 2049 1232 inter
2088 1203 2132 1232 se
2162 1189 2328 1232 vinculo
2367 1188 2584 1231 coniuncta

281 1269 396 1316 sunt,
434 1262 510 1303 etsi
549 1260 624 1302 loci
659 1259 762 1300 ratio
798 1258 896 1299 satis
925 1257 1192 1298 vehementer
1222 1256 1422 1311 postulat,
1461 1260 1507 1297 ut
1542 1256 1769 1297 infinitivus
1799 1257 1958 1298 συνιεῖν
1987 1269 2119 1312 aeque
2149 1269 2196 1297 ac
2226 1253 2502 1313 παρέξεσθαι
2530 1253 2583 1296 ad

283 1328 542 1383 participium
578 1320 713 1381 χρεών
748 1323 958 1364 referatur.
1018 1322 1169 1375 Neque
1199 1335 1296 1363 vero
1331 1321 1383 1362 ab
1414 1321 1492 1363 hoc
1519 1321 1734 1377 participio
1763 1321 1947 1376 pendere
1977 1325 2150 1377 possunt
2179 1321 2307 1363 verba
2336 1320 2584 1378 κεκλῆσθαι

282 1391 326 1442 ἐς
357 1392 496 1438 δαῖτα.
528 1403 633 1446 quae
662 1389 714 1430 ab
745 1388 860 1429 initio
891 1387 1098 1442 leguntur,
1129 1386 1251 1428 modo
1272 1399 1324 1427 ne
1345 1386 1594 1428 sententiam
1612 1386 1797 1442 ineptam
1818 1384 1996 1427 evadere
2018 1386 2133 1428 velis.
2171 1386 2365 1442 Denique
2383 1387 2428 1429 in
2447 1387 2586 1443 priore

284 1458 456 1500 disticho
485 1468 659 1512 persona
688 1465 852 1509 quoque
883 1451 1010 1504 deest,
1041 1465 1167 1506 quam
1195 1454 1360 1506 poetam
1390 1451 1546 1506 alloqui
1575 1463 1628 1492 ex
1658 1451 1787 1492 altero
1818 1450 1992 1493 disticho
2021 1451 2214 1494 cernitur.

450 1539 542 1580 Hae
573 1537 835 1579 difficultates
866 1540 911 1576 ut
940 1538 1244 1587 removeantur,
1274 1534 1376 1574 mihi
1406 1533 1464 1574 ita
1493 1533 1718 1588 legendum
1746 1533 1931 1575 videtur:

809 1609 883 1651 καὶ
913 1606 1110 1664 κληθέντ’
1141 1606 1185 1656 ἐς
1215 1607 1343 1650 δαῖτα
1374 1604 1652 1663 παρέζεοθαί
1680 1621 1730 1648 σε
1760 1605 1864 1664 παρ’
1895 1603 2057 1651 ἐσθλόν

918 1669 1053 1730 ἄνδρα
1081 1670 1230 1731 χρεών,
1263 1670 1423 1728 σοφίην
1452 1674 1599 1714 πᾶσαν
1629 1669 1929 1727 ἐπιστάμενον,

807 1741 883 1780 τοῦ
914 1743 1072 1781 συνιεῖν
1102 1736 1147 1779 θ’
1179 1734 1349 1781 ὁπόταν
1378 1737 1468 1779 κτλ.

282 1817 423 1871 Atque
457 1827 681 1870 pronomen
712 1811 762 1855 σε’
796 1814 839 1854 in
876 1814 1008 1868 primo
1041 1826 1163 1854 versu
1200 1812 1320 1854 facile
1354 1812 1399 1853 in
1433 1810 1482 1854 τέ
1510 1811 1626 1854 abire
1655 1816 1838 1868 poterat;
1880 1826 1962 1868 quo
1990 1813 2097 1855 facto
2128 1812 2255 1854 etiam
2284 1811 2358 1856 καὶ
2388 1809 2587 1869 κληθέντ’

282 1881 431 1923 mutari
470 1878 685 1934 oportebat
720 1879 763 1920 in
802 1879 1043 1935 κεκλῆσθαι
1075 1875 1131 1931 δ’;
1171 1890 1295 1919 versu
1332 1882 1472 1919 autem
1502 1878 1624 1919 tertio
1655 1878 1701 1918 θ’
1730 1878 1849 1919 facile
1878 1878 2125 1920 intercidere
2154 1878 2361 1934 potuisse,
2398 1892 2483 1920 non
2512 1883 2587 1931 est,

282 1946 393 2002 quod
423 1957 625 1986 moneam,

450 2019 567 2061 Haeo
596 2019 677 2060 iam
706 2018 960 2073 scripseram,
991 2031 1085 2058 cum
1118 2018 1433 2059 Heimsoetlaium
1462 2030 1629 2073 quoque
1657 2017 1744 2059 vidi
1772 2019 1817 2059 in
1845 2018 1924 2060 hoc
1951 2018 2042 2060 loco
2071 2018 2269 2072 haesisse,
2300 2017 2372 2073 qui
2400 2016 2588 2059 similiter

280 2086 472 2128 coniecit:
516 2082 784 2139 εἶσκληθέντ’
822 2081 866 2134 ἐς
903 2083 1031 2125 δαῖτα
1069 2079 1347 2140 παρέζεσθαί
1380 2096 1426 2123 τε
1463 2106 1516 2112 --
1554 2084 1632 2125 τοῦ
1671 2082 1850 2133 συνέμεν
1882 2081 1942 2132 θ’,
1983 2079 2150 2127 ὁπόταν
2189 2083 2278 2124 κτλ.
2339 2082 2398 2124 At
2433 2082 2478 2124 in
2514 2081 2593 2123 hac

279 2151 517 2192 coniectura
531 2150 762 2191 coniunctio
783 2149 958 2190 duorum
979 2149 1248 2191 distichorum
1269 2148 1482 2204 particulis
1497 2146 1612 2190 τέ-
1629 2147 1679 2192 τέ
1699 2149 1898 2206 displicet,
1916 2163 2011 2191 oum
2030 2162 2233 2205 personae
2253 2147 2588 2191 commemoratio

283 2229 409 2271 aegre
439 2215 705 2257 desideretur.
755 2214 890 2263 Quam
910 2227 1009 2256 vero
1039 2213 1093 2256 ob
1124 2227 1290 2256 causam
1319 2213 1571 2256 infinitivum
1601 2218 1761 2258 συνιεῖν
1790 2216 1834 2257 in
1865 2213 2042 2267 συνέμεν
2059 2215 2313 2268 immutetur,
2344 2227 2428 2256 non
2447 2214 2590 2270 liquet,

285 2294 378 2322 cum
399 2280 488 2322 aliis
509 2293 674 2335 quoque
693 2279 791 2321 locis
804 2279 934 2320 verba
952 2280 997 2320 in
1011 2294 1062 2331 μι
1083 2279 1315 2321 desinentia
1335 2292 1450 2320 more
1465 2279 1689 2322 verborum
1710 2294 1908 2336 purorum
1929 2283 2231 2322 contractorum
2252 2278 2522 2321 declinentur.
2535 2299 2591 2308 —

453 2353 610 2394 Versus
642 2351 809 2396 625—ss
839 2353 881 2394 in
911 2352 1102 2394 omnibus
1132 2352 1249 2394 libris
1278 2352 1337 2394 sic
1367 2357 1553 2396 exstant:

827 2421 1036 2484 ἀργαλέον
1068 2425 1306 2483 φρονέοντα
1336 2422 1440 2483 παρ’
1473 2421 1639 2484 ἀφροσι
1668 2423 1795 2471 πόλλ’
1826 2422 2050 2484 ἀγορεύειν

957 2492 1031 2534 καὶ
1061 2494 1185 2548 σιγᾶν
1216 2490 1317 2534 αἰεί.
1378 2495 1506 2535 τοῦτο
1535 2492 1616 2550 γὰρ
1648 2489 1699 2535 οὐ
1730 2490 1922 2542 δυνατόν,

285 2566 358 2622 qni
398 2571 536 2607 tamen
572 2565 673 2621 quin
707 2567 887 2621 corrupti
926 2569 1024 2620 sint,
1071 2567 1245 2608 dubium
1275 2581 1364 2609 esse
1392 2581 1476 2610 non
1505 2572 1653 2623 potest,
1683 2569 1879 2624 quoniam
1909 2567 2037 2610 verba
2062 2567 2191 2608 τοῦτο
2222 2562 2303 2624 γὰρ
2334 2559 2386 2608 οὗ
2415 2561 2595 2608 δυνατόν

285 2632 452 2674 omnino
491 2645 575 2672 non
613 2630 787 2685 habent,
828 2645 909 2687 quo
953 2632 1196 2676 referantur.
1267 2632 1377 2674 Nam
1415 2638 1636 2689 postquam
1671 2637 1794 2689 poeta
1834 2633 1941 2675 dixit
1979 2645 2116 2675 coram
2157 2632 2293 2674 stultis
2331 2634 2374 2673 et
2409 2631 2523 2687 loqui
2552 2635 2594 2674 et

287 2702 422 2738 tacere
451 2709 575 2750 yrave
603 2698 891 2751 molestumque
921 2710 1030 2750 esse,
1071 2698 1278 2753 quomodo
1314 2697 1468 2740 addere
1497 2702 1634 2755 potest
1664 2699 1809 2741 eadem
1839 2702 2002 2742 omnino
2030 2709 2113 2740 non
2139 2697 2233 2750 fieri
2256 2698 2412 2750 posse?
2471 2696 2593 2745 Quod

288 2758 500 2818 ἀργαλέον
528 2766 602 2815 est,
631 2762 740 2803 idem
770 2777 853 2805 non
884 2758 934 2804 οὗ
966 2759 1145 2805 δυνατόν
1175 2768 1248 2805 est.

459 2835 572 2883 Quas
607 2834 868 2878 difficultates
903 2842 950 2878 ut
986 2838 1160 2891 tolleret,
1192 2839 1376 2892 Hartuny
1415 2838 1606 2880 coniecit:
1646 2837 1721 2880 καὶ
1757 2839 1882 2894 σιγᾶν
1922 2835 2012 2880 αἰεὶ
2046 2838 2174 2880 τοῦτο
2211 2835 2290 2887 μὲν
2320 2831 2371 2878 οὗ
2401 2832 2594 2882 δυνατόν.

288 2902 352 2943 Ac
382 2905 495 2942 recte
524 2901 557 2941 is
585 2901 799 2956 perspexit
828 2907 922 2957 post
951 2903 1130 2957 priorem
1160 2903 1324 2945 distichi
1344 2917 1509 2946 versum
1538 2903 1919 2959 interpungendum
1949 2917 2049 2957 esse,
2078 2907 2125 2944 ut
2155 2897 2368 2960 ἀργαλέον
2396 2903 2450 2945 ad
2470 2903 2598 2946 verba
2653 2948 2661 2956 ,

289 2961 413 3007 πόλλ’
444 2960 668 3021 ἀγορεύειν
697 2970 738 3007 et
768 2962 948 3010 δυνατόν
975 2968 1028 3009 ad
1048 2968 1223 3010 verbum
1244 2970 1370 3024 σιγᾶν
1398 2969 1613 3022 referatur,
1642 2969 1716 3011 sed
1746 2969 1935 3026 displicet
1962 2969 2090 3011 τοῦτο
2119 2967 2210 3022 μὲν,
2242 2982 2317 3024 pro
2348 2982 2430 3024 quo
2460 2968 2598 3024 potius

289 3027 418 3073 τοῦτό
448 3046 494 3085 γε
517 3030 582 3071 vel
611 3031 743 3072 simile
773 3032 872 3087 quid
902 3037 1130 3088 exspectes.
1180 3034 1313 3076 Multo
1343 3035 1500 3077 maiora
1527 3034 1660 3076 moliti
1690 3039 1787 3076 sunt
1815 3036 2060 3078 Herwerden
2087 3039 2130 3076 et
2149 3035 2390 3088 Ileimsoetla,
2422 3047 2598 3090 quorum

291 3096 404 3151 prior
432 3095 515 3150 legi
544 3095 652 3137 vult:
682 3095 882 3155 ῥηΐτερον
912 3111 986 3155 φρ.
1018 3113 1065 3139 π.
1099 3094 1139 3140 ἀ.
1174 3114 1219 3141 π.
1254 3095 1294 3141 ἀ.
1329 3094 1358 3158 ἢ
1387 3100 1511 3156 σιγᾶν
1539 3096 1630 3142 αἰεί
1658 3100 1761 3148 κτλ.,
1793 3101 1913 3142 alter:
1943 3095 2175 3157 ἀργότερον
2204 3099 2308 3149 κτλ.,
2340 3098 2452 3155 quod
2471 3099 2599 3142 inter-

291 3165 478 3216 pretatur
516 3174 604 3202 esse
642 3157 917 3220 ἀεργότερον,
960 3159 1248 3222 ἀπονώτερον.
1309 3166 1368 3208 At
1404 3165 1653 3208 adiectivum
1689 3161 1918 3223 ἀργαλέον,
1958 3180 2043 3208 non
2073 3171 2155 3221 est,
2192 3181 2265 3209 cur
2293 3164 2598 3222 reprehendas3

290 3226 496 3281 significat
534 3228 643 3268 enim
688 3241 774 3271 rem
810 3242 975 3283 qravem
1020 3235 1060 3271 et
1098 3233 1328 3284 molestam,
1372 3231 1638 3286 maximeque
1667 3231 1719 3274 de
1748 3237 1808 3276 eis
1837 3233 1958 3275 rebus
1988 3231 2158 3286 dicitur,
2203 3243 2307 3287 quae
2336 3234 2497 3274 animos
2526 3234 2599 3275 aut

290 3291 512 3334 dicentium
550 3297 620 3335 aut
656 3292 895 3345 facientium
928 3299 1110 3348 yravioer
1148 3294 1358 3349 afficiant;
1399 3297 1443 3338 id
1479 3295 1590 3352 quod
1627 3297 1670 3338 in
1710 3297 1820 3340 hunc
1848 3298 1985 3340 locum
2015 3298 2162 3340 cadere
2189 3300 2337 3354 sponte
2368 3296 2598 3351 intelleges.

462 3364 541 3406 His
575 3366 698 3420 igitur
735 3368 980 3410 coniecturis
1009 3369 1170 3411 omissis
1198 3370 1252 3411 ad
1280 3370 1372 3425 ipsa
1401 3370 1601 3413 librorum
1630 3371 1759 3413 verba
1787 3376 2056 3415 revertamur.
2113 3372 2255 3427 Atque
2283 3370 2362 3413 hoc
2392 3369 2599 3412 distichon

293 3428 377 3470 iam
407 3428 587 3471 diximus
617 3430 660 3472 in
689 3429 793 3474 duas
822 3433 1098 3486 separandum
1128 3447 1218 3477 esse
1247 3440 1396 3490 partes,
1427 3449 1603 3492 quarum
1631 3436 1763 3479 altera
1791 3437 1940 3493 priore,
1971 3437 2198 3494 posteriore
2216 3435 2348 3478 altera
2366 3434 2597 3478 absolvitur
