2704 3906
1229 247 1513 288 ...11-

198 375 272 418 sed
302 389 378 432 pro
408 374 614 417 infinitivo
646 366 783 422 εἷναι,
825 385 952 429 quem
981 372 1022 415 A
1053 371 1240 426 exhibet,
1270 372 1422 430 reliqui
1459 373 1623 418 codices
1653 375 1814 419 habent
1845 374 1964 432 ισθι,
2004 391 2080 434 pro
2112 373 2271 436 λήθειν
2301 379 2424 436 pauci
2454 379 2552 423 libri

199 442 428 485 deteriores
459 438 676 496 (BOFM)
707 435 872 497 λήθην,
910 453 986 496 pro
1026 436 1159 519 φέροι
1190 438 1227 481 Ο
1259 438 1434 495 (BFM)
1466 438 1615 500 φέρει;
1657 441 1705 485 δὲ
1735 447 1830 500 post
1859 439 2036 502 θύρηφι
2067 445 2207 488 omisit
2237 446 2297 502 A3
2335 460 2412 503 pro
2444 462 2553 505 καρ-

198 504 326 566 τερός
356 506 446 551 ΟΚ
472 506 632 549 habent
662 502 923 565 καρατερόν;
954 519 1030 562 pro
1061 502 1129 562 εἴη
1162 505 1345 562 denique
1375 520 1520 551 omnes
1550 508 1779 552 deteriores
1809 506 1915 566 είης.

369 573 426 616 Ε1
455 574 500 615 111
529 573 594 615 his
624 573 817 616 versibus
849 573 1032 630 primum
1061 572 1336 647 imperativus
1366 570 1490 618 δόκει
1521 581 1742 632 suspectus
1771 582 1848 632 est,
1881 578 1999 620 cuius
2030 578 2121 621 loco
2155 581 2254 623 Geel
2282 580 2552 636 sequentium

201 641 487 698 optativorum
524 639 689 682 ratione
724 640 870 682 habita
909 643 1023 682 recte
1052 639 1265 695 scripsisse
1295 639 1464 683 videtur
1502 644 1736 698 optativum
1774 643 1922 693 δοκοῖ,
1965 658 2048 701 quo
2078 659 2226 688 versus
2265 647 2309 689 in
2338 647 2552 703 integrum

197 708 454 763 restituitur3
484 721 583 750 nam
614 706 727 762 quod
758 706 1024 750 Camerarius
1054 719 1130 761 pro
1162 703 1212 748 δέ
1238 721 1316 759 μιν
1344 702 1503 764 λήθειν
1532 710 1709 753 coniecit
1739 710 1777 752 δ’
1808 706 2036 768 ὁμιλήτην,
2068 712 2111 754 id
2141 726 2216 755 suo
2247 714 2339 755 iure
2369 713 2551 757 editores

196 774 444 818 reiecerunt.

370 841 455 884 Sed
486 840 612 883 etiam
642 840 686 882 in
716 840 852 896 primo
883 852 1008 882 versu
1038 838 1188 881 vitium
1217 839 1349 882 latere
1369 840 1536 883 videtur
1566 842 1611 884 in
1640 842 1849 886 infinitivo
1880 837 2009 894 εἶναι,
2043 844 2117 901 qui
2147 858 2286 901 neque
2306 846 2551 903 imperativi

197 909 359 951 vicibus
396 909 518 964 fungi
556 911 696 964 potest
737 910 909 963 propter
950 910 1174 962 sequentes
1213 907 1423 963 optativos
1464 921 1603 964 neque
1641 922 1697 951 ex
1726 909 1858 952 verbo
1897 909 2025 953 δοκοῖ
2062 913 2187 966 aptus
2224 910 2383 954 bonum
2425 912 2552 955 efficit

198 989 380 1019 sensum.
439 975 496 1018 Et
526 976 791 1018 Hermannus
820 986 896 1030 pro
928 986 977 1015 eo
1009 973 1246 1030 optativum
1277 969 1351 1049 εἴη
1367 974 1492 1016 scribi
1512 974 1615 1029 vult,
1646 975 1721 1018 sed
1741 990 1795 1019 ne
1814 976 1874 1019 ita
1895 976 2066 1033 quidem
2087 990 2148 1032 ea,
2180 991 2289 1033 quae
2309 979 2550 1035 requiritur,

197 1042 406 1086 sententia
437 1041 596 1096 evadit;
627 1054 712 1083 non
743 1039 856 1082 enim
884 1040 1067 1094 prudens
1096 1040 1142 1081 in
1171 1040 1375 1084 conviviis
1404 1041 1529 1084 homo
1562 1056 1652 1085 esse
1683 1043 1822 1098 debet,
1853 1044 1939 1099 sed,
1972 1049 2020 1086 ut
2050 1059 2119 1088 vv.
2150 1044 2350 1089 310-—11
2385 1046 2550 1102 docent,

197 1111 357 1154 hilaris.
416 1108 528 1151 Puto
558 1108 688 1163 igitur
718 1106 987 1149 scribendum
1017 1120 1108 1149 esse
1139 1100 1327 1165 εὔφρων,
1360 1108 1414 1150 ad
1445 1109 1557 1165 quod
1587 1076 1843 1152 adiectivurh
1873 1123 2055 1166 sequens
2084 1111 2190 1154 illud
2211 1111 2339 1156 δοκοῖ
2359 1112 2551 1157 refertur.

197 1177 439 1219 Infinitivus
469 1168 584 1217 εἶναι
613 1177 768 1228 autem,
800 1187 925 1229 quem
954 1173 1107 1229 reliqui
1136 1174 1299 1216 codices
1328 1175 1372 1216 in
1402 1175 1699 1231 imperativum
1729 1173 1831 1219 ἴσθι
1861 1181 2148 1233 correxerunt,
2178 1178 2276 1222 inde
2305 1183 2429 1223 natus
2459 1194 2551 1223 esse

198 1244 378 1298 videtur,
411 1242 524 1299 quod
553 1240 774 1296 archetypi
803 1240 969 1282 litterae
999 1240 1182 1296 pallidae
1211 1240 1396 1284 fuerunt.

371 1310 515 1366 Atque
543 1308 622 1350 hac
652 1307 893 1349 coniectura
922 1307 1101 1363 probata
1130 1321 1215 1349 non
1246 1307 1330 1350 iam
1359 1308 1702 1364 transpositione,
1734 1323 1861 1366 quam
1893 1311 2025 1365 Beryk
2054 1312 2289 1368 proposuit,
2321 1326 2428 1369 opus
2458 1314 2549 1369 erit,

198 1392 295 1421 cum
325 1377 466 1420 omnia
486 1375 595 1417 bene
615 1373 862 1431 procedant:
893 1374 937 1415 in
958 1374 1174 1428 conviviis,
1204 1374 1341 1430 inquit
1361 1379 1498 1431 poeta,
1529 1374 1714 1431 prudens
1734 1375 1858 1418 homo
1880 1375 2024 1419 hilaris
2045 1382 2247 1434 appareat
2268 1383 2309 1421 et
2330 1379 2550 1423 immemor

200 1444 408 1498 omnium,
455 1455 564 1499 quae
601 1441 701 1483 foris
742 1444 859 1494 sunt,
897 1454 1059 1495 rerum,
1103 1443 1232 1496 atque
1260 1442 1350 1483 ioca
1379 1442 1425 1483 in
1455 1442 1696 1485 convivium
1723 1442 1895 1498 inferat;
1941 1458 2113 1487 severus
2142 1448 2286 1488 autem
2316 1446 2416 1489 foris
2447 1452 2550 1490 esto.

197 1510 329 1554 Vides
360 1510 486 1553 etiam
507 1508 686 1551 verbum
717 1505 954 1565 εἰσφέρειν,
986 1507 1032 1549 111
1063 1520 1144 1563 quo
1176 1507 1299 1550 multi
1332 1508 1610 1563 offenderunt,
1642 1509 1798 1565 optime
1829 1524 1873 1552 se
1903 1510 2070 1553 habere.
2120 1510 2216 1554 Hoc
2236 1512 2349 1555 enim
2370 1514 2550 1557 verbum

197 1577 366 1636 proprie
410 1576 462 1618 de
500 1576 689 1618 omnibus
719 1578 779 1618 eis
810 1575 933 1617 rebus
963 1573 1140 1627 dicitur,
1187 1587 1290 1628 quas
1319 1579 1409 1629 quis
1438 1580 1484 1619 in
1513 1577 1782 1619 coenaculum
1811 1576 1958 1631 infert,
2005 1581 2053 1619 ut
2084 1578 2136 1621 de
2163 1581 2324 1632 poculis
2352 1580 2551 1656 Xenoph.

196 1658 339 1701 cyrop.
369 1642 414 1698 8,
445 1642 490 1697 8,
533 1641 610 1697 103
658 1641 710 1683 de
741 1636 887 1696 κύκλω
919 1634 1071 1698 ὀρθῶν
1103 1639 1244 1697 ξιφῶν
1283 1642 1604 1699 symp.2,11;
1649 1641 1703 1684 de
1737 1645 2013 1698 portzonibus,
2061 1659 2169 1701 quae
2204 1660 2229 1687 a
2272 1647 2461 1689 convivis
2492 1648 2548 1690 ad

196 1708 350 1771 ἔρανον
380 1711 424 1753 111
452 1710 648 1752 feruntur
678 1702 1126 1764 cyrop.7,1‚12:w
1157 1702 1323 1765 ἄνδρες,
1357 1708 1457 1751 dicit
1478 1708 1613 1765 Cyrus
1645 1708 1697 1751 de
1725 1723 1881 1765 pugna,
1914 1707 1979 1761 εἷς
2007 1708 2103 1753 τίνα
2134 1710 2232 1755 ποτ’
2264 1707 2315 1754 ἂν
2340 1711 2549 1758 καλλίονα

196 1775 351 1838 ε’ρανον
388 1773 604 1835 ἀλλήλους
640 1772 1033 1834 παρακαλέσαιμεν
1071 1769 1100 1831 ἢ
1138 1772 1202 1824 εἰς
1239 1770 1379 1818 τόνδε.
1441 1776 1514 1818 νῦν
1549 1773 1632 1832 γὰρ
1662 1770 1829 1825 ἔξεστιν
1861 1771 2053 1832 ἀγαθοῖς
2083 1773 2269 1836 ἀνδράσι
2299 1779 2549 1834 γενομένοις

197 1843 345 1891 πολλὰ
376 1840 557 1901 κάγαθὰ
587 1838 794 1900 ἀλλήλοις
824 1839 1089 1897 εἰςενεγκεῖν.
1151 1842 1215 1884 Α6
1259 1856 1429 1898 prorsus
1474 1842 1665 1884 similiter
1695 1843 1794 1885 11.1
1824 1847 1919 1886 ioca
1945 1848 2159 1897 portiones
2189 1847 2401 1901 dicuntur,
2447 1861 2550 1902 quas

197 1928 335 1958 secum
366 1917 532 1967 quisque
563 1914 834 1954 convivarum
864 1907 1030 1962 inferat.
1083 1908 1212 1950 Missa
1242 1909 1372 1964 igitur
1392 1908 1603 1963 faciemus,
1635 1922 1743 1964 quae
1765 1909 1844 1951 viri
1875 1909 1985 1952 docti
2006 1911 2284 1966 coniecerunt,
2315 1917 2363 1955 ut
2384 1914 2550 1969 Kayser

199 1975 247 2024 εὖ
279 1980 326 2024 δὲ
358 1979 466 2028 κτλ,
500 1979 662 2021 Akrens
692 1974 733 2019 εἰ
765 1975 812 2018 δὲ
845 1973 1028 2032 φέροιτο
1058 1975 1221 2031 γελοῖα,
1256 1977 1487 2019 Heimsoeth.
1518 1974 1562 2018 ἐν
1594 1974 1642 2017 δὲ
1674 1973 1819 2033 φέροι

373 2045 498 2096 Quod
527 2058 628 2087 vero
659 2043 771 2085 idem
802 2043 1038 2086 Heimsoeth
1067 2037 1287 2099 κάρχαρος
1315 2056 1391 2098 pro
1423 2038 1637 2100 καρτερός
1673 2043 1870 2097 601116611,
1909 2056 1962 2085 116
1991 2043 2035 2084 111
2066 2043 2235 2099 quidem
2266 2046 2546 2088 necessarium

198 2118 281 2169 est3
324 2127 424 2156 nam
464 2125 591 2168 quam
628 2110 738 2153 bene
775 2110 1029 2152 adiectivum
1068 2104 1281 2166 καρτερός
1318 2109 1383 2151 1111
1417 2103 1590 2188 εὔφρων
1628 2113 1669 2151 61
1707 2109 1856 2164 γελοῖα
1894 2114 2151 2166 opponatur,
2198 2110 2334 2153 videri
2364 2113 2461 2154 licet
2492 2127 2549 2155 ex

198 2180 395 2259 Xenoph.
427 2179 555 2234 Ages.
587 2177 624 2232 5,
654 2176 702 2219 2.
747 2172 893 2233 ἡγεῖτο
925 2173 1008 2232 γὰρ
1041 2167 1216 2234 ἄρχοντι
1255 2171 1498 2233 προσήκειν
1529 2171 1580 2218 οὗ
1611 2173 1822 2233 μαλακίᾳ,
1858 2171 1970 2218 ἀλλὰ
2004 2174 2212 2235 καρτερίᾳ
2243 2179 2328 2219 τῶν
2360 2175 2549 2222 ιδιωτῶν

200 2248 447 2305 περιεῖναι;
485 2243 584 2287 ibid.
618 2244 683 2298 11,
715 2242 761 2286 9:
799 2242 892 2295 μετ
932 2237 1091 2298 ὀλίγων
1134 2240 1184 2285 δέ
1218 2257 1296 2295 μοι
1339 2241 1463 2285 δοκεῖ
1502 2238 1753 2300 ἀνθρώπων
1790 2237 1843 2284 οὐ
1872 2240 2107 2300 καρτερίαν
2137 2241 2213 2301 τὴν
2244 2239 2414 2302 ἀρετὴν,
2451 2241 2546 2287 ἀλλ’

202 2309 453 2357 εὐπάθειαν
483 2308 704 2363 νομίζειν..
735 2334 789 2340 -

377 2378 582 2423 Versibus
613 2376 696 2422 337
719 2392 780 2433 sq.
812 2377 947 2433 prima
976 2391 1025 2419 ac
1056 2391 1219 2419 summa
1248 2378 1518 2432 antiquorum
1548 2379 1688 2418 exstat
1717 2377 1914 2432 precatio,
1946 2390 2053 2432 quae
2083 2378 2127 2419 in
2158 2378 2274 2420 libris
2294 2378 2352 2420 ita
2372 2378 2545 2433 legitur:

738 2440 849 2494 Ζεύς
877 2460 956 2497 μοι
987 2446 1073 2487 τῶν
1102 2460 1149 2486 τε
1180 2440 1322 2500 φίλων
1352 2440 1454 2500 δοίη
1485 2440 1613 2492 τίσιν,
1647 2442 1694 2485 οἵ
1719 2458 1775 2497 με
1807 2442 2023 2499 φιλεῢσιν,

849 2511 935 2552 τῶν
964 2509 999 2552 τ’
1030 2510 1201 2568 ἐχθρῶν
1229 2509 1393 2564 μεῖζον,
1426 2506 1582 2567 Κύρνε,
1617 2506 1931 2566 δυνησόμενον,

202 2579 275 2622 sed
305 2594 380 2636 pro
413 2576 513 2635 δοίη
545 2577 633 2621 ΟΚ
663 2578 822 2620 habent
853 2573 969 2633 daim
998 2582 1218 2634 praeterea
1238 2578 1280 2619 in
1302 2576 1344 2619 K
1363 2577 1494 2620 verba
1523 2575 1674 2630 μεῖζον
1697 2572 1840 2633 Κύρνε
1861 2578 2193 2630 transponuntur
2215 2571 2358 2631 Κύρνε
2377 2577 2542 2628 μεῖζον,

201 2646 348 2689 calami
379 2647 514 2702 lapsu,
545 2649 594 2688 ut
623 2645 805 2688 videtur.

372 2713 518 2769 Atque
547 2713 592 2754 111
622 2712 761 2766 priore
791 2712 916 2753 huius
947 2711 1113 2753 distichi
1144 2724 1267 2753 versu
1296 2711 1448 2753 Jacobs
1478 2713 1599 2766 putat
1630 2723 1706 2764 pro
1737 2705 1837 2764 δοίη
1869 2707 2137 2750 scribendum
2168 2720 2259 2749 esse
2280 2705 2399 2763 θείη,
2433 2709 2545 2764 quod

198 2783 341 2823 tamen
370 2794 456 2822 non
485 2779 769 2821 necessarium
801 2782 874 2822 est.
926 2777 1035 2819 Nam
1057 2772 1170 2826 Ζεύς
1188 2792 1268 2830 μοι
1291 2773 1390 2833 δοίη
1412 2773 1525 2819 τίσιν
1555 2775 1666 2818 1116111
1697 2779 1759 2817 est
1786 2789 1834 2817 ac
1855 2770 1968 2824 Ζεύς
1987 2789 2065 2827 μοι
2087 2770 2186 2830 δοίη
2211 2771 2411 2818 τίνεσθαι
2439 2776 2541 2823 κτλ,

200 2847 243 2888 111
275 2860 358 2903 quo
389 2851 502 2889 certe
532 2846 637 2888 nihil
668 2850 751 2900 est,
785 2844 898 2901 quod
928 2844 1154 2900 vituperes.
1215 2844 1365 2899 Neque
1395 2857 1495 2885 vero
1527 2842 1727 2897 ambigua
1756 2845 1854 2883 sunt
1885 2842 1989 2884 haec
2020 2841 2160 2894 verba,
2191 2845 2238 2882 ut
2268 2842 2360 2896 quis
2392 2841 2542 2884 δοῦναι

201 2911 316 2956 τίσιν
346 2913 460 2955 1116111
488 2927 578 2956 esse
608 2917 729 2969 putet
760 2926 808 2955 ac
833 2924 1017 2966 „poenas
1048 2910 1182 2965 dare“
1214 2911 1255 2952 id
1287 2910 1398 2966 quod
1428 2911 1519 2989 ipso
1553 2910 1693 2953 addito
1725 2909 1972 2984 pronomine
2002 2906 2081 2961 μοί
2110 2907 2358 2950 excluditur.

375 2979 574 3022 Ceterum
604 2980 643 3023 h.
664 2981 690 3024 1.
722 2979 956 3022 notandum
986 2981 1048 3020 est
1077 2977 1387 3020 substantivum
1416 2974 1531 3019 τίσιν
1561 2981 1601 3019 61
1630 2977 1675 3019 111
1705 2977 1859 3019 bonam
1889 2980 1930 3018 et
1961 2976 2005 3017 in
2033 2975 2185 3017 malam
2215 2974 2345 3030 accipi
2367 2978 2541 3030 partem,

201 3052 248 3090 ut
279 3047 458 3090 latinum
487 3047 593 3089 illud
626 3048 832 3103 „gratiam
862 3045 1058 3088 referre“.
1117 3045 1226 3087 Nam
1257 3058 1403 3087 sensus
1433 3044 1581 3085 horum
1603 3043 1827 3085 verborum
1858 3043 1892 3083 is
1924 3046 1998 3095 est,
2028 3047 2075 3083 ut
2104 3045 2228 3097 poeta
2257 3045 2463 3096 precetur,
2496 3045 2543 3083 ut

203 3118 245 3156 et
274 3114 419 3156 amicis
450 3116 492 3155 et
521 3114 701 3156 inimicis
732 3114 910 3170 gratiam
939 3111 1096 3154 referre
1126 3112 1205 3154 sibi
1236 3111 1461 3167 contingat.
1511 3111 1654 3166 Atque
1683 3123 1778 3151 cum
1798 3108 1851 3151 ad
1871 3108 2026 3150 amicos
2047 3107 2177 3150 verba
2198 3105 2245 3148 0‘1'
2261 3122 2316 3159 με
2339 3106 2542 3162 φιλεῑῖσιν

200 3181 422 3234 addantur,
453 3180 588 3222 simile
619 3181 720 3236 quid
751 3181 877 3223 etiam
908 3178 962 3220 ad
991 3178 1180 3220 inimicos
1210 3178 1418 3219 adiectum
1448 3177 1576 3219 fuisse
1607 3175 1834 3219 verisimile
1864 3180 1938 3228 est,
1971 3174 2165 3229 idemque
2186 3172 2316 3215 verba
2346 3177 2542 3229 corrupta

200 3247 350 3302 μεῖζον
391 3242 683 3304 δυνησόμενον
727 3247 1030 3289 demonstrant.
1090 3244 1213 3294 Quod
1251 3245 1584 3287 additamentum
1622 3243 1746 3299 quale
1781 3241 1925 3294 fuerit,
1966 3254 2020 3282 ex
2063 3240 2134 3282 illo
2172 3238 2219 3281 οἵ
2253 3254 2308 3290 με
2340 3238 2542 3294 φιλεῦσιν

202 3314 341 3370 colligi
379 3319 535 3372 potest:
577 3317 730 3367 „amici
769 3318 935 3366 amant
982 3313 1156 3356 oderunt
1194 3312 1385 3356 inimici&
1454 3310 1604 3367 Neque
1643 3314 1784 3351 tamen
1823 3307 1901 3350 hoo
1940 3308 2119 3363 simplex
2158 3308 2294 3350 odisse
2330 3305 2428 3347 satis
2466 3309 2539 3357 est,

203 3382 402 3436 quoniam
433 3382 569 3424 odisse
599 3381 643 3423 in
674 3393 815 3424 omnes
844 3380 1032 3422 inimicos
1062 3379 1184 3433 cadit,
1216 3379 1410 3435 generosi
1441 3391 1539 3420 vero
1571 3376 1650 3419 viri
1682 3379 1744 3418 est
1775 3388 1859 3416 non
1889 3386 2034 3415 omnes
2063 3372 2251 3414 inimicos
2282 3371 2434 3424 ulcisci,
2466 3370 2538 3412 sed

204 3460 290 3502 eos
326 3453 394 3502 qui
433 3450 570 3493 odium
610 3452 654 3493 in
690 3451 826 3502 ipsum
863 3451 1195 3501 expromserunt,
1238 3449 1276 3489 ei
1314 3448 1551 3488 nocuerunt.
1613 3442 1746 3498 Atqui
1782 3440 2030 3494 infirmiores
2067 3443 2107 3482 et
2138 3438 2293 3483 viribus
2322 3436 2540 3490 inferiores

2267 3505 2317 3548 2*
